2010 3450
100 259 151 312 ¹44
446 245 555 294 torn.

100 381 133 418 eo
156 362 228 416 fonte
251 370 327 416 ortus
346 369 395 423 est,
425 359 498 428 quod
515 354 619 410 librarii
644 347 758 408 initiales
779 364 908 408 tersttunt

100 454 192 508 literas
205 451 327 505 omittere
349 446 419 502 soliti
440 445 550 511 fuerint,
571 452 664 516 postea
685 442 768 496 minio
787 443 906 498 scriben-

103 543 158 596 das.

139 650 198 698 303.
214 629 339 700 cedentem]
357 625 465 699 Optime
477 622 511 674 C.
521 620 594 676 Tell.
608 620 656 673 ubi
665 619 801 675 indicatur
812 633 907 677 certan-

103 729 156 783 tem,
170 728 199 770 ut
212 716 280 769 male
292 716 319 767 in
332 713 399 769 aliis.

139 825 169 872 33
173 825 197 872 3.
210 807 310 857 Versus
318 803 474 872 desperatus
484 808 640 867 notatusque
649 800 777 854 asterisco
787 799 813 852 in
823 800 908 853 Drak.

103 893 151 951 ubi
172 892 269 963 legitur
281 893 396 944 hortatur
412 889 512 942 nondum
530 888 579 941 &u
599 888 669 940 utin
690 876 821 942 ¹omnibus
840 889 906 953 anti·

103 978 176 1047 quis;
196 980 243 1032 sed
250 978 350 1048 optime
363 995 378 1030 a
389 976 480 1029 Lefeb.
493 976 639 1040 restitutus,
648 974 740 1028 collat.
752 977 814 1030 Liv¹
828 978 906 1030 XXI.

102 1065 237 1134 32.—Dic
260 1083 334 1136 ergo,
358 1063 432 1115 ‘Sed
456 1079 539 1128 mens,
560 1063 611 1116 διε.
634 1061 766 1127 stimulat,
789 1064 909 1117 hortatur

102 1153 215 1208 interisse
224 1164 314 1226 portas
329 1152 436 1224 Qirini
454 1152 519 1205 nudi
537 1151 638 1204 auxilio
651 1163 711 1220 post
730 1164 833 1207 tantam
854 1154 906 1208 cia-

104 1240 190 1298 dem!

137 1347 197 1400 4ι4.
220 1333 320 1404 Supple
337 1331 442 1385 literam
462 1332 474 1383 τ’
491 1349 551 1401 quae
568 1331 642 1384 deest
663 1332 697 1385 ad
716 1331 827 1386 initium
838 1331 907 1385 vocis

104 1424 240 1476 imitantur.

137 1519 198 1575 418.
214 1510 343 1581 raptabat]
352 1509 394 1562 Sic
403 1526 451 1562 nos
460 1526 524 1562 cum
535 1509 604 1562 Edd.
618 1510 707 1562 Andr.
724 1511 815 1564 Parm.
832 1509 905 1565 Med.

103 1599 225 1652 -Drak.
246 1609 272 1650 et
293 1597 384 1650 Lefeb.
406 1615 469 1651 cum
490 1597 593 1668 scriptis
599 1598 724 1669 jactabat.

136 1708 197 1757 437.
218 1711 245 1742 en
253 1691 312 1762 per]
332 1690 373 1744 Sic
392 1689 505 1743 feliciter
523 1691 614 1743 Heius.
647 1692 737 1744 Locus
755 1693 908 1764 desperatus

103 1779 170 1843 aliis,
184 1780 230 1832 ubi
243 1780 314 1831 inter.
345 1775 406 1830 Vox
415 1788 494 1847 sponte
504 1778 553 1846 (ait
566 1777 643 1846 Les.)
656 1795 704 1848 per
716 1781 866 1850 emphasin,
879 1790 908 1832 ut

102 1870 176 1931 ultro,
193 1869 280 1930 volens,
299 1865 510 1934 frequentissima
530 1865 628 1919 Poetis.
645 1883 673 1918 v.
697 1865 776 1937 Virg.
793 1869 831 1920 X.
847 1873 904 1934 677.

102 1958 179 2009 Tum
191 1968 280 2019 vestra,
294 1973 347 2008 non
361 1966 443 2008 nostra
457 1953 552 2007 Colon.

136 2061 197 2107 441.
220 2043 360 2110 Sequimur
372 2041 512 2095 Heinsium
529 2041 641 2112 legendo
657 2052 788 2108 antestare,
811 2060 864 2095 non
879 2053 908 2093 en'

102 2143 190 2185 testare
205 2147 267 2183 cum
278 2129 362 2184 libris.
384 2142 489 2185 antester
500 2141 577 2184 vetus
589 2131 705 2184 verbum
715 2132 785 2198 juris
794 2143 844 2197 est,
856 2147 907 2202 quo

102 2228 191 2272 tamen
203 2231 302 2290 praeter
313 2219 439 2273 Plautum
450 2205 578 2272 Horatius
587 2236 651 2271 usus
660 2229 709 2271 est.
744 2220 836 2272 Gloss.
848 2220 906 2270 Vet.

101 2318 229 2381 antestari,
241 2309 439 2388 μαρΊυρησισθαι.
462 2319 576 2372 sumitur
588 2327 643 2370 tam
653 2317 743 2370 active
754 2336 837 2389 quam
848 2333 903 2388 pas·

104 2418 168 2458 sive.

136 2511 197 2560 457.
218 2493 348 2563 maritare]
361 2493 444 2564 Vulg.
460 2511 562 2546 munere.
593 2492 644 2545 Sed
652 2511 774 2545 murmure
786 2494 907 2546 Gronov.

102 2583 195 2634 Heius.
218 2583 302 2633 Drak.
325 2574 417 2634 Lefeb.
456 2584 506 2634 Hae
523 2594 603 2635 voces
633 2595 830 2652 nonnunquam
847 2579 905 2633 mis·

101 2682 206 2726 centur.
560 2662 562 2666 ⁸

135 2777 196 2824 470.
217 2760 275 2830 sua]
293 2759 403 2828 Optime·
416 2757 632 2830 Burm—Vulg.
646 2773 707 2811 cunt.

135 2864 166 2911 47
171 2863 196 2910 5.
216 2846 290 2916 sorte]
309 2845 396 2898 Codd.
412 2848 491 2899 morti.
520 2848 566 2899 sed
579 2845 674 2899 melius
686 2845 770 2900 Marti
780 2846 824 2899 vel
841 2844 906 2907 sorti,

102 2945 131 2986 ut
143 2935 256 3000 conjecit
268 2936 360 2989 Heins.
390 2954 452 2991 mors
470 2947 496 2991 et
513 2957 564 2992 sors
583 2937 738 3007 frequenter
749 2939 817 2992 olim
829 2938 906 2991 libras
