2010 3450
95 271 131 335 46
305 279 397 321 nun
415 279 459 320 xi.
496 283 525 320 v.
536 282 687 334 505-534.

99 371 229 452 Martem,
240 386 287 454 ait,
299 385 437 458 egregium
447 396 475 438 et
486 385 592 452 fractas,
605 385 667 456 quis
675 385 744 441 Itala
755 386 837 459 tellus

99 477 251 542 Nitebatur,
264 493 338 546 opes,
351 493 413 546 pars
424 474 480 546 ipse
493 475 566 529 haud
577 492 660 546 parva
672 475 807 544 laborum,

99 566 211 622 Nuntio.
233 564 385 636 Pugnatum
398 564 507 635 Superis
518 564 545 617 in
556 574 622 617 vota
632 564 765 619 secundis.

99 655 148 708 Est
160 654 244 718 locus,
257 652 345 706 AEtoli
357 653 440 725 signat
451 670 531 722 quem
543 652 629 724 gloria
639 653 720 725 regis,

101 747 239 800 Possessus
251 745 388 816 quondam
401 745 487 815 prisca
495 744 566 798 inter
574 743 663 797 secula
675 744 787 799 Daunus

100 837 249 888 Humentes
259 832 353 904 rapido
363 832 512 887 circumdat
524 831 631 903 gurgite
642 844 750 901 campos

101 923 228 987 Aufidus,
242 932 269 975 et
282 920 381 993 stagnis
392 919 527 989 intercipit
538 937 603 975 arva
615 918 724 985 refusis;

100 1011 171 1065 Mor
186 1012 284 1065 fluctus
296 1010 357 1065 ferit
368 1011 510 1076 Adriacos,
521 1025 672 1080 magnoque
684 1008 792 1080 fragore

101 1101 249 1154 Cedentem
260 1100 375 1170 impellit
386 1110 518 1154 retrorsus
529 1100 556 1152 in
569 1115 677 1166 aequora
688 1108 812 1170 pontum.

100 1188 154 1243 Hic
163 1191 251 1243 Varro
262 1200 289 1243 et
300 1206 428 1260 magnum
440 1187 517 1242 Latia
528 1187 599 1241 inter
609 1187 717 1241 nomina
729 1185 839 1242 Paullus

100 1279 216 1341 Nomen,
230 1275 293 1346 quis
304 1288 395 1331 rerum
406 1276 520 1331 ducibus
532 1276 659 1346 permissa
670 1284 799 1346 potestas,

100 1365 222 1419 Vixdum
233 1366 345 1437 depulsa
355 1365 438 1436 nigrae
449 1365 562 1436 caligine
574 1364 669 1427 noctis,

100 1456 238 1509 Invadunt
249 1473 383 1527 campum,
396 1465 424 1509 et
435 1455 488 1509 late
501 1453 667 1526 fulgentibus
678 1453 761 1509 umis

100 1545 263 1598 Accendunt
274 1544 346 1598 ultro
358 1544 446 1598 lucem
458 1542 592 1614 surgentis
603 1543 665 1597 Eoi.

101 1635 157 1688 Nos
168 1644 261 1688 contra
275 1636 350 1704 (nam
360 1650 519 1705 germanum
530 1631 609 1686 furor
619 1649 680 1686 acer
691 1632 788 1704 agebat

101 1723 208 1793 Optatae
219 1723 331 1793 pugnae)
345 1721 438 1776 castris
446 1721 500 1774 cita
511 1721 586 1792 signa
598 1724 750 1775 movemus.

102 1811 226 1865 intremit
239 1822 266 1864 et
279 1811 369 1876 tellus,
383 1811 529 1882 pulsusque
541 1808 665 1879 immugit
676 1808 821 1880 Olympus.

102 1898 155 1954 Hic
169 1899 284 1953 fluvium
295 1911 322 1954 et
333 1917 441 1972 campos
452 1900 589 1954 abscondit
601 1899 675 1955 caede
686 1899 811 1956 virorum

103 1987 218 2054 Ductor,
237 2005 291 2059 quo
302 1976 439 2059 nunquam
448 1989 579 2054 majorem
589 1987 624 2042 ad
633 1987 705 2042 bella
717 1988 840 2045 tulerunt
902 1973 908 1984 ⁹

102 2076 246 2131 Rectorem
258 2087 348 2132 terrae.
368 2077 441 2144 Vidi,
455 2094 520 2131 cum
531 2078 640 2132 turbine
651 2095 724 2132 saevo
768 2125 770 2129 .
866 2061 868 2070 Α

102 2163 225 2217 Ausonia
234 2175 261 2217 et
272 2165 362 2219 sonitu
372 2165 497 2219 bellantis
509 2162 568 2220 fusa
579 2182 630 2237 per
639 2183 718 2236 agros
826 2187 831 2195 ¹

101 2251 158 2306 Uni
168 2263 242 2323 terga
253 2254 338 2308 daret.
358 2254 424 2320 vidi,
437 2272 500 2309 cum
512 2257 601 2309 Varro
611 2255 693 2310 citato

102 2339 268 2396 Auferretur
278 2359 359 2413 equo,
371 2343 497 2416 projectis
508 2345 623 2416 degener
634 2344 726 2400 armis.

104 2428 178 2503 Qin
190 2439 217 2481 et
228 2431 438 2501 magnanimum,
448 2431 568 2504 perfosso
580 2451 693 2505 corpore
704 2434 774 2501 telis,

104 2519 197 2588 Strage
211 2535 290 2588 super
301 2519 405 2574 socidm
416 2521 521 2587 vidite,
536 2522 639 2589 Paulle,
652 2524 805 2578 cadentem.

104 2604 217 2675 AEgates
230 2605 275 2658 ille
286 2617 314 2660 et
326 2609 434 2663 servilia
444 2609 547 2664 foedera
558 2610 634 2682 larga

102 2693 184 2747 Ultus
191 2694 264 2749 caede
276 2697 347 2752 dies:
370 2716 424 2752 non
437 2699 499 2769 plus
510 2699 618 2770 optdsse
629 2701 736 2766 liberet,
814 2748 816 2752 .

103 2787 195 2858 Qam
207 2794 266 2838 tum
278 2788 405 2841 concessit
417 2789 512 2844 dexter
525 2791 609 2843 Deus.
629 2788 726 2844 Altera
735 2791 793 2857 iarn
805 2791 854 2846 lux

103 2873 129 2925 si
143 2871 201 2926 talis
213 2875 312 2939 redeat,
327 2877 433 2948 populis
444 2877 479 2930 sis
491 2878 615 2932 omnibus
629 2896 682 2933 una

101 2962 129 3014 T
132 2979 188 3028 um,
203 2964 352 3036 Karthago,
366 2978 456 3039 caput,
469 2977 607 3038 terrasque
617 2967 705 3023 colere
716 2984 766 3039 per
776 2983 880 3031 omues.
