2010 3450
103 281 153 336 112
322 276 413 319 um
426 277 493 317 xvi.
518 279 559 319 .v.
572 269 702 330 85-114.

107 383 190 457 Qod
204 381 342 453 profugos,
355 381 418 435 satis
428 392 480 435 est.
497 383 533 435 In
545 383 641 438 dextra
650 393 739 437 cetera
749 384 826 438 nobis
894 403 897 408 ⁴

106 470 189 533 Vota,
202 467 268 530 virit-
286 467 380 536 rapite,
394 468 440 533 ite,
453 485 559 538 precor.
579 470 665 524 Vocat
676 487 737 525 ecce
751 470 868 524 furentes
903 481 906 488 '

105 556 177 609 Hinc
185 565 270 625 pater,
282 554 345 607 hinc
353 565 475 625 patruus.
491 557 706 610 Geminaomihi
718 557 828 612 numina
835 557 908 624 belliq

107 641 215 705 Ducite,
231 643 334 707 adeste3
353 658 460 712 sequor.
480 644 573 714 dignas
585 645 747 714 spectabitis,
760 655 859 699 autme

106 730 220 784 Praescia
232 746 307 783 mens
318 729 398 794 fallit,
411 715 502 783 vestro
509 732 567 797 jam
579 732 686 784 nomine
697 734 795 798 cades.

105 820 176 872 Nam
189 817 249 889 quis
259 818 310 878 erit
321 819 542 890 tandemcampis
554 819 657 873 telluris
669 821 758 874 Iberae

107 906 228 959 Bellandi
242 907 352 959 modus?
373 921 407 958 en
419 922 538 973 unquam
549 905 650 961 lucebit
661 907 689 960 in
700 909 767 962 orbe

106 994 156 1047 llle
169 994 233 1058 dies,
247 1003 339 1063 quote
351 1009 498 1058 armorum,
513 995 661 1067 Karthago,
675 1013 798 1051 meorum

109 1081 244 1151 Aspiciam
252 1081 354 1134 sonitus
365 1081 522 1150 admotaque
530 1081 603 1136 bella
612 1091 788 1146 trementem?
854 1099 856 1103 ·
930 1111 932 1114 >

107 1171 235 1223 Dixerat:
255 1178 282 1222 et
294 1186 391 1233 raucus
400 1168 521 1222 stridenti
536 1171 797 1242 murmure-clangor

105 1260 253 1332 Increpuit.
274 1270 386 1313 tonuere
398 1258 461 1312 feris
472 1259 635 1313 clamoribus
644 1270 725 1313 astra.

106 1351 298 1408 Concurruntr
317 1356 499 1418 quantumque
512 1347 581 1417 rapit
592 1346 721 1400 violentia
732 1349 818 1418 ponti,

104 1439 141 1491 Et
154 1441 250 1502 Notus,
263 1447 290 1492 et
302 1437 409 1500 Boreas,
423 1444 449 1488 et
462 1435 634 1488 inexorabilis
646 1437 758 1502 Auster,

106 1528 178 1580 Cum
189 1535 314 1597 mergunt
327 1524 418 1594 plenas
429 1523 574 1579 tumefacta
586 1524 636 1577 sub
649 1541 761 1594 aequora
770 1525 878 1587 classen

106 1617 166 1668 Aut
177 1632 240 1668 cum
252 1613 369 1666 letiferos
381 1613 526 1666 accendens
535 1612 617 1666 Sirius
628 1611 712 1682 ignes,

104 1706 207 1756 Torret
218 1701 387 1755 anhelantem
398 1701 476 1754 saevis
487 1700 627 1753 ardoribus
637 1701 746 1766 orbem;

104 1793 227 1848 Tantum
239 1789 307 1843 acies
318 1788 508 1856 hominumque
520 1787 596 1842 ferox
609 1788 740 1841 discordia
752 1788 829 1852 ferro

105 1878 233 1943 Demetit.
254 1875 417 1930 Haudullus
430 1886 563 1928 terrarum
576 1873 689 1947 aequarit
701 1875 789 1930 hiatus
841 1913 844 1919 ·

104 1966 261 2036 Pugnarum
269 1964 379 2015 damna:
399 1972 445 2014 aut
459 1973 559 2032 strages
570 1979 618 2030 per
629 1962 763 2032 inhospita
775 1963 859 2018 lustra

103 2053 231 2123 Unquam
243 2061 282 2105 tot
295 2050 397 2103 dederit
409 2050 493 2103 rabies
502 2051 636 2103 horrenda
648 2050 778 2104 ferarum.

103 2141 166 2209 Jam·
175 2138 263 2207 campi
274 2137 410 2206 vallesque
423 2138 539 2202 madent,
552 2138 729 2206 hebetataque
742 2138 805 2213 tela.

103 2228 140 2281 Et
152 2227 234 2296 Libys
245 2225 395 2279 occubuere
407 2235 433 2276 et
444 2234 563 2297 amantes
574 2224 673 2278 Martis
686 2225 769 2277 Iberi.

103 2317 161 2368 Stat
172 2325 260 2366 tamen
274 2332 326 2367 una
338 2313 398 2367 loco
410 2313 536 2384 perfossis
547 2313 641 2385 debilis
650 2313 742 2378 armis,

103 2404 286 2474 Luctaturque
298 2403 375 2468 acies,
389 2421 443 2474 qua
454 2403 573 2457 concutit
587 2402 741 2456 Hasdrubal
754 2403 867 2457 hastam,

102 2494 159 2546 Nec
170 2492 251 2544 finem
262 2490 337 2543 daret
350 2490 394 2542 ille
406 2491 462 2544 dies
474 2491 645 2558 animosaque
653 2489 753 2554 virtus,

102 2581 140 2637 Nl
151 2581 272 2652 perlapsa
284 2581 343 2634 viro
358 2581 448 2634 loricae
460 2581 575 2652 tegmine
585 2580 699 2646 arundo,

103 2671 138 2722 Et
152 2687 231 2740 pareo
245 2686 379 2722 summum
392 2668 517 2722 violalsset
529 2669 640 2722 vulnere
652 2686 760 2739 corpus,

103 2757 281 2824 Suasissetque
295 2756 396 2827 fugam.
417 2758 522 2828 Rapido
534 2757 679 2810 certamina
689 2758 788 2828 linquit

102 2846 133 2897 In
150 2843 264 2894 latebras
275 2854 383 2897 avectus
394 2862 474 2915 equo,
487 2845 624 2911 noctisque
635 2861 684 2913 per
696 2847 823 2900 umbram

102 2931 149 2982 Ad
161 2929 341 2984 Tartessiacos
353 2932 441 2991 tendit
451 2949 498 3002 per
509 2931 589 2995 litora
600 2943 704 3001 portus.

17 3076 116 3224 Ἱ-
