2010 3450
314 257 406 323 arara
421 258 502 301 xvir.
538 258 729 314 marn-444.
869 265 919 318 209

107 363 240 422 Fervidus
252 364 352 436 ingenii
363 364 517 432 Masinissa,
530 374 557 418 et
568 364 687 420 fervidus
700 352 761 432 aevi,

106 457 142 509 ln
154 454 255 526 primas
263 453 406 508 Macetilm
415 463 517 507 turmas
528 453 654 507 immania
664 453 785 508 membra

106 545 205 611 Infert,
219 555 247 597 et
254 543 346 610 jaculo
356 542 534 610 circumvolat
546 541 608 595 alite
620 559 754 612 campum.

106 631 233 687 Caerulus
243 631 317 684 haud
328 630 414 695 aliter,
428 646 490 683 cum
501 629 618 694 dimicat,
631 629 717 684 incola
729 627 835 684 Thules

105 719 227 792 Agnrina
238 718 358 774 falcifero
369 717 545 772 circumvenit
556 727 629 772 arcta
641 717 766 772 covinno.

105 805 191 871 Graia
203 803 319 875 phalanx
330 803 418 875 patrio
429 802 553 857 densarat
563 819 638 856 more
649 813 779 870 catervas,

104 892 269 964 Innexisque
280 893 366 946 adstat
377 892 444 946 nulli
456 892 626 963 penetrabilis
637 893 729 946 hastis.

102 982 251 1034 Immemor
262 981 310 1035 has
321 982 391 1053 pacti
402 990 463 1052 post
476 981 564 1034 foedus
577 980 604 1034 in
616 997 691 1034 arma
703 979 842 1050 Philippus

103 1071 228 1136 Miserat,
241 1080 268 1125 et
280 1088 401 1140 quassam
412 1070 551 1123 refovebat
563 1070 700 1141 Agenoris
711 1070 817 1126 urbem.

104 1158 227 1214 Rarescit
239 1159 326 1213 multo
338 1159 443 1213 laxatus
454 1159 567 1212 vulnere
578 1158 663 1223 miles,

103 1248 196 1318 Atque
207 1249 292 1318 aperit
303 1248 408 1320 patulas
418 1256 553 1319 prostrato
563 1263 677 1319 corpore
689 1245 741 1300 late

100 1334 178 1388 Inter
188 1333 242 1387 tela
253 1334 318 1388 vias.
339 1337 471 1406 irrumpit
482 1334 553 1388 mole
565 1335 651 1388 ruinae

101 1422 242 1476 Ausonius
252 1421 359 1494 globus,
372 1433 399 1476 et
410 1422 528 1493 perjuria
540 1425 625 1490 Graja
637 1421 763 1494 resignat.

100 1510 303 1565 Archemorum
315 1512 424 1577 Rullus,
435 1514 576 1567 Teucrum
586 1513 740 1579 Norbanus,
752 1521 779 1565 et
787 1513 866 1568 ambo

99 1598 218 1652 Mantua
229 1598 329 1652 labenti
339 1600 463 1670 genetrix
473 1601 609 1656 dimiserat
622 1618 690 1655 aevo.

99 1687 253 1743 Obtruncat
262 1687 381 1743 Samium
392 1687 501 1742 bellacis
511 1689 606 1743 dextra
618 1689 723 1743 Caleni.

98 1776 140 1829 At
153 1774 277 1845 Clytium
289 1774 383 1840 Selius,
396 1775 525 1829 Pellaeum
536 1788 563 1830 et
574 1794 644 1831 vana
655 1786 803 1832 tumentem

97 1865 145 1918 Ad
157 1881 256 1918 nomen
267 1863 362 1935 patriae
372 1864 510 1934 Clytium;
531 1867 576 1919 sed
587 1865 673 1938 gloria
684 1864 766 1918 Pellae

96 1953 177 2006 llaud
189 1952 275 2007 valuit
286 1954 389 2006 misero
395 1953 538 2007 defendere
551 1955 656 2008 Daunia
667 1953 729 2006 tela.

97 2041 200 2094 Saevior
210 2041 253 2095 bis
264 2041 354 2095 Latios
366 2043 487 2096 vastabat
501 2045 606 2098 bruttia
616 2043 690 2112 signa

96 2127 197 2182 Laelius
207 2128 384 2198 increpitans:
406 2131 519 2184 Adeone
528 2129 656 2186 OEnotria
666 2126 745 2182 tellus

95 2215 260 2271 Detestanda
271 2217 333 2282 fuit,
346 2236 428 2289 quam
440 2237 488 2291 per
496 2221 579 2274 maria
590 2234 691 2290 aspera,
704 2233 804 2289 perque

92 2306 204 2365 insanos
215 2306 303 2376 Tyrio
314 2305 442 2377 fingeretis
455 2309 553 2380 remige
565 2307 680 2362 fluctuat

92 2394 142 2448 Sed
153 2393 255 2464 fugisse
267 2395 328 2449 satia
340 2395 431 2450 fuerit.
451 2397 562 2450 Latione
572 2414 668 2451 cruore

92 2483 208 2552 lnsuper
219 2495 342 2539 externas
354 2486 441 2555 petitis
452 2486 612 2556 perfundere
623 2494 722 2540 terras?

92 2569 158 2623 llaee
169 2571 260 2627 dicens
273 2571 397 2639 Silarum,
409 2573 580 2627 meditantem
591 2575 619 2627 in
631 2574 735 2645 proelia,
747 2574 802 2628 telo

93 2656 236 2712 Praevenit.
256 2661 331 2715 basta
342 2662 437 2716 volans
446 2663 501 2715 imo
513 2662 563 2716 sub
575 2673 684 2734 gutture
694 2662 771 2727 sedit,

90 2741 125 2796 Et
135 2745 201 2800 vitae
213 2747 341 2818 vocisque
352 2748 409 2802 vias
421 2749 499 2802 simul
510 2748 591 2802 incita
600 2749 704 2803 clausit.

89 2829 202 2903 Virgilio
214 2835 362 2900 Caudinus,
375 2838 472 2892 acerbo
484 2839 583 2891 Sarnus
595 2839 704 2891 Amano

90 2917 232 2976 Sternitur.
252 2924 415 2978 Accendunt
426 2914 478 2977 iras
489 2925 634 2995 vultusque
645 2923 777 2988 virorum,

91 3003 294 3081 Armorumque
304 3009 413 3064 babitus
425 3011 491 3078 noti,
504 3023 531 3065 et
542 3029 599 3066 vox
609 3027 726 3070 consona
736 3011 844 3083 linguae.

123 3107 195 3151 tot..
216 3109 252 3153 ll·
522 3112 539 3152 P
