2010 3450
306 295 403 337 essse
422 296 489 336 xiv.
525 283 554 337 ν’.
568 289 714 352 535—564.
864 302 909 354 131

106 397 143 456 Ni
153 413 271 472 propero
278 399 349 454 duro
360 401 490 456 nitentem
501 419 647 473 exsurgere
659 403 740 456 velox

105 489 209 542 Affixet
218 498 348 542 transtro.
367 491 414 542 vix
426 500 513 543 morte
523 491 628 563 incepta
639 492 760 545 remittit.

104 579 227 649 Namque
239 595 335 632 manus
345 590 434 634 servat
445 580 509 633 dum
523 592 610 635 suetos
623 582 747 653 languida
758 583 866 649 ductus,

104 667 236 736 Ignavum
248 683 354 720 summa
364 668 473 729 attraxit
486 683 566 738 super
578 685 686 738 aequora
697 686 810 723 remum.

104 751 222 806 Perculsi
233 770 321 807 cuneo
333 755 410 808 Poeui
422 754 568 808 densantur
579 756 606 808 in
619 774 713 822 unum,

104 842 186 913 Qud
196 850 270 895 caret
281 840 366 906 hoste,
379 842 463 895 latus:
481 843 569 896 subito
579 861 641 897 cum
654 845 772 915 pondere
784 845 871 900 victus

102 929 240 983 insiliente
251 930 328 994 mari,
341 932 523 1001 submergitur
533 931 627 985 alveus
638 934 726 987 undis.

103 1019 182 1072 Scuta
194 1018 295 1082 sinim,
308 1019 458 1088 cristaeque,
471 1030 497 1070 et
508 1020 587 1072 inerti
599 1020 700 1090 spicula
712 1022 794 1089 ferro,

101 1106 263 1175 Tutelaeque
275 1105 366 1159 Dedm
379 1107 493 1160 fluitant.
515 1107 564 1178 Hic
577 1108 674 1162 robore
687 1108 771 1163 fracto

102 1193 206 1266 Pugnat
217 1195 294 1264 inops
303 1194 434 1264 chalybis,
448 1211 557 1265 seseque
569 1196 596 1249 in
608 1197 702 1265 proelia
713 1214 806 1251 rursus

101 1285 200 1338 Armat
213 1284 366 1354 naufragio:
385 1284 465 1337 remis
477 1284 546 1337 male
559 1284 678 1338 fervidus
690 1286 735 1339 ille

100 1372 217 1425 Festinat
229 1372 344 1441 spoliare
356 1382 450 1437 ratem,
464 1372 616 1426 discrimine
628 1373 703 1427 nullo

99 1461 250 1513 Nautarum
261 1460 396 1513 interdum
406 1461 534 1518 convulsa
547 1462 639 1514 sedilia
650 1473 788 1533 torquens.

98 1548 160 1602 Non
173 1547 277 1617 plectro
288 1547 361 1612 ratis,
373 1559 420 1601 aut
432 1549 587 1619 frangendae
598 1550 625 1602 in
638 1550 751 1602 vulnera
761 1565 848 1620 prorae

80 1620 85 1634 '
99 1633 230 1698 Parcitur,
244 1643 271 1686 et
282 1632 376 1705 pelago
388 1645 546 1706 repetuntur
558 1637 646 1689 nantia
657 1636 718 1689 tela.

97 1720 264 1774 Vulneribus
276 1721 373 1791 patulis
384 1722 464 1775 intrat
476 1740 559 1775 mare.
579 1740 643 1775 mox
656 1739 704 1775 sua
715 1731 799 1793 ponto

97 1805 265 1877 singultante
276 1807 364 1859 anima
375 1808 503 1878 propulsa
515 1807 668 1860 refunditur
678 1807 758 1860 unda.

96 1894 152 1946 Nec
163 1894 272 1958 desunt,
285 1894 330 1961 qui
342 1907 477 1965 correptos
488 1894 656 1965 amplexibus
667 1896 746 1948 arctis

96 1983 263 2052 immergant
273 1981 378 2052 pelago,
390 1992 427 2047 et,
438 1981 532 2047 jaculis
543 1983 714 2046 cessantibus,
726 1981 830 2035 hostem

94 2069 191 2123 Morte
202 2087 250 2122 sua
262 2070 403 2139 perimant.
424 2081 590 2124 remeantum
602 2071 708 2141 gurgite
720 2081 821 2125 mentes

94 2157 274 2223 crudescunt,
287 2175 317 2212 ac
328 2175 381 2229 pro
392 2158 464 2211 ferro
476 2169 528 2210 stat
541 2160 669 2213 fluctibus
680 2159 731 2212 uti.

93 2246 190 2299 Haurit
203 2246 363 2316 sanguineus
374 2257 498 2300 contorta
508 2248 636 2302 cadavera
646 2252 754 2302 vortex.

92 2335 161 2388 Hinc
174 2319 286 2398 clamor,
294 2334 414 2405 ,gemitus
424 2335 507 2400 illinc,
521 2348 683 2408 mortesque,
696 2337 830 2408 fugaeque,

92 2421 295 2493 Remorumque
307 2423 407 2494 fragor,
423 2423 551 2495 flictuque
563 2426 681 2479 sonantia
692 2437 788 2480 rostra.

92 2509 234 2564 Perfusum
244 2510 318 2564 bello
329 2511 414 2564 fervet
426 2529 513 2565 mare:
533 2512 616 2566 fessus
627 2514 729 2567 acerbis

91 2596 180 2668 Terga
191 2597 257 2668 fuga
267 2598 348 2651 celeri
360 2600 451 2669 Libyae
466 2601 599 2653 convertit
609 2602 644 2653 ad
655 2619 725 2667 oras,

91 2683 196 2757 Exigua
207 2703 263 2739 sese
275 2686 379 2740 furatus
388 2688 504 2742 Himilco
516 2688 614 2741 carina.

93 2771 251 2828 Concessere
264 2776 331 2827 mari
343 2775 450 2852 tandem
460 2775 615 2846 Graiusque
624 2775 767 2847 Libysque,

92 2857 125 2912 Et
133 2863 189 2928 jam
201 2862 316 2931 captivae
326 2862 421 2937 vinclis
432 2864 466 2918 ad
477 2865 557 2917 litora
568 2862 648 2934 longo

93 2945 189 3004 Ordine
202 2951 341 3005 dumntur
351 2967 468 3023 puppes..
484 2951 660 3024 flagrantibus
671 2951 727 3008 alto
746 2999 748 3003 r
