2010 3450
305 261 397 305 utens
416 263 475 303 ιιι.
510 263 542 301 v.
556 263 704 318 ²95*3²4⁶
874 253 908 319 ⁶3

97 376 149 438 At,
161 379 291 429 coensem
301 384 399 441 graves
408 373 458 438 pe'r
467 367 581 440 longum
592 366 686 422 audire
698 382 810 422 suorum

96 456 231 526 Eventus,
244 460 343 523 Rom,
356 467 384 513 et
394 473 533 528 nunquam
544 467 664 511 recreata
672 455 807 524 secundis,

97 550 195 605 Allato
204 547 315 605 tandem
326 545 421 600 fauste
433 544 578 599 certamine
589 560 698 616 pugnae,

97 637 233 708 Erigitur,
247 634 391 707 prinmque
402 630 496 687 Deum
506 649 536 685 se
545 648 657 687 munere
667 630 750 686 tollit.

98 727 176 780 Ante
187 739 282 779 omnes
292 722 369 794 pigra
380 721 408 775 in
419 720 552 784 Martem,
565 719 724 792 fugiensque
735 720 871 788 laborum,

80 802 83 807 ’
97 815 174 868 Dum
185 811 292 868 bellum
305 819 390 876 tonat,
403 819 430 863 et
442 826 498 865 sese
512 808 601 863 furata
609 810 740 875 juventus

98 905 154 958 Dat
166 918 261 972 poenas
269 899 395 957 latebre:
417 908 488 964 tum,
502 897 547 967 qui
558 897 700 952 dulcedine
711 897 778 954 vite

98 995 232 1045 Invenere
244 988 334 1055 dolos,
343 988 488 1058 jurataque
499 984 603 1040 foedera
614 985 701 1039 Poeno

100 1079 267 1150 Corrupete,
279 1085 385 1140 notam,
397 1085 424 1129 et
436 1083 557 1145 purgant
565 1073 677 1128 crimine
688 1085 807 1146 gentem.

99 1165 216 1220 Ponitur
226 1163 343 1236 patriam
353 1162 474 1217 meditati
485 1161 609 1234 linquere
619 1172 722 1217 terrem

100 1249 254 1304 Consilium
265 1246 361 1301 infelix
373 1245 554 1318 scelerateque
564 1247 644 1318 culpe
654 1248 774 1303 Metelli.
906 1296 909 1302 .

99 1337 181 1393 Talia
191 1333 389 1393 corderirdm.
410 1335 546 1391 Sedenim
557 1352 606 1391 nec
619 1335 717 1391 fernim
729 1346 816 1392 cessat

100 1427 198 1480 Mente
208 1441 318 1496 equare
329 1423 413 1490 viros,
425 1433 453 1479 et
462 1423 551 1479 laudis
561 1440 672 1496 poscere
683 1437 797 1496 partem.

100 1515 206 1580 Omnis,
218 1531 276 1587 prae
288 1529 345 1568 sese
355 1523 467 1585 portans
477 1513 625 1586 capitisque
636 1530 787 1586 rusumque

100 1603 256 1674 Antiquum
267 1602 350 1659 decu
360 1618 391 1658 sc
402 1602 514 1673 derepta
524 1602 634 1658 monilia
644 1601 727 1667 eollo,

100 1695 234 1753 certatim
244 1704 369 1751 matrona
380 1692 444 1758 ruit,
456 1691 585 1763 belloque
598 1693 761 1747 ministrant.

100 1785 182 1860 Haud
193 1793 270 1842 muts
279 1783 388 1839 cessisse
399 1783 474 1837 viros
485 1782 645 1854 intempore
658 1782 706 1835 tali

105 1874 208 1930 Laudis
220 1883 294 1930 sorte
304 1872 394 1944 piget3
412 1870 535 1941 factoque
546 1870 575 1924 in
586 1870 676 1925 secula
687 1869 760 1924 ituro

101 1963 244 2018 Lretsntur
255 1960 382 2017 tribuisse
393 1960 494 2015 locum.
513 1961 590 2015 Tum
601 1960 671 2015 celse
682 1961 794 2015 Senatus

101 2051 283 2124 Subsequitur
293 2048 386 2106 turba.
405 2051 440 2103 ln
451 2048 572 2104 medium
583 2048 728 2103 certamine
741 2064 839 2121 magne

102 2139 219 2196 Privstae
231 2137 409 2195 cumulentur
418 2153 493 2208 opes.
512 2137 623 2191 Nudare
634 2149 753 2209 penates,

105 2227 150 2280 Ac
162 2224 231 2280 nihil
242 2240 355 2281 mcsnos
366 2223 429 2278 vitse
442 2223 560 2278 melioris
569 2223 604 2277 ad
616 2241 680 2278 usus

104 2314 258 2386 Seposuisse
267 2313 358 2380 juvat.
379 2312 443 2366 Coit
453 2322 481 2366 et
492 2312 549 2367 sine
561 2313 669 2367 nomine
680 2312 789 2386 vulgus.

103 2401 226 2473 Corpore
238 2400 276 2456 sic
287 2409 349 2455 toto
358 2415 390 2454 ac
399 2399 527 2456 utembris
539 2401 628 2456 Roma
638 2402 764 2456 omnibus
775 2419 834 2470 uss,

103 2487 262 2562 Exsangues
272 2505 367 2544 rursus
379 2488 492 2544 tollebat
503 2490 537 2543 ad
551 2490 650 2545 aethera
660 2491 763 2547 vultus.

103 2575 221 2633 Addunt
233 2592 312 2648 spem
324 2576 427 2635 runem
436 2576 544 2632 dulcem
556 2577 682 2633 Parnasis
693 2577 794 2633 Cirrha

103 2662 246 2723 Portentes
258 2681 388 2736 responsa
397 2664 460 2721 viri.
478 2683 542 2720 nam
552 2665 616 2719 laete
627 2665 749 2720 ferebant

102 2750 253 2808 Exaudisse
264 2752 364 2824 adytis,
373 2769 447 2809 saera
457 2770 521 2810 eum
532 2770 599 2808 voce
610 2763 715 2808 tonaret

105 2841 237 2911 Antrum,
251 2853 279 2897 et
289 2842 409 2915 mugiret
420 2843 527 2897 Phoebo
535 2842 593 2909 jam
605 2842 703 2896 intrate
713 2843 843 2898 sacerdos.

104 2927 215 2998 Solvite,
227 2931 431 3004 geneveneris,
441 2931 581 3005 graviores
592 2929 674 2989 corde
684 2930 814 2990 timoren
