2010 3450
280 445 671 555 'Lrurnxlm
749 552 752 556 ,
840 440 843 447 ’

433 761 463 798 v.
479 764 573 812 1-24.

104 816 279 920 Fuerint
292 881 365 919 nunc
375 875 488 929 vestros,
501 864 637 919 Heliconis
648 866 767 931 numina,
780 875 874 922 cantus

102 952 221 1024 Ortygiae
232 951 344 1023 pelagus
357 951 490 1020 Siculique
501 952 535 1004 ad
547 950 632 1004 litoris
643 955 733 1008 urbes.

101 1038 227 1094 Muneris
238 1037 282 1092 hic
292 1037 375 1092 vestri
386 1038 466 1091 labor
476 1048 530 1103 est;
546 1038 628 1091 modo
638 1040 744 1094 Daunia
755 1056 835 1112 regna

101 1128 264 1192 AEneadum,
277 1127 358 1180 modo
370 1126 487 1180 Sicanios
499 1125 623 1180 accedere
635 1137 739 1198 portus,

101 1215 157 1268 Aut
169 1213 314 1268 Macetum
325 1215 439 1268 lustrare
450 1215 544 1268 domos
555 1225 582 1268 et
593 1216 697 1270 Achaia
709 1232 782 1281 rura,

101 1303 157 1355 Aut
169 1319 239 1374 vaga
252 1302 353 1356 Sardoo
365 1302 477 1372 vestigia
488 1301 589 1374 tingere
602 1303 696 1369 fluctu,

99 1388 148 1443 vel
161 1388 405 1460 Tyriae-quondam
416 1399 526 1461 regnata
537 1390 651 1461 mapalia
662 1389 744 1462 genti,

99 1462 294 1529 Extremumve
305 1475 377 1528 diem
389 1485 416 1529 et
427 1485 561 1529 terrarum
572 1476 686 1528 invisere
698 1484 791 1528 metas.

100 1563 142 1618 Sic
153 1564 241 1634 poscit
252 1563 349 1635 sparsis
361 1564 476 1617 Mavors
487 1563 602 1634 agitatus
613 1563 640 1617 in
651 1564 716 1617 oris.

98 1649 183 1722 Ergo,
193 1667 253 1722 age,
267 1668 321 1721 qua
332 1650 402 1714 litui,
416 1667 470 1720 qua
480 1649 583 1702 ducunt
594 1649 675 1715 bella,
689 1665 842 1719 sequamur.

98 1737 228 1792 Ausoniae
240 1755 302 1808 pars
312 1744 408 1809 magna
416 1738 487 1804 jacet
499 1737 639 1791 Trinacria
649 1737 738 1804 tellus,

98 1825 135 1879 Ut
147 1825 228 1879 semel
240 1832 411 1897 expugnante
423 1827 495 1878 Noto
504 1835 534 1878 et
545 1826 712 1882 vastantibus
724 1827 802 1881 undis

99 1914 214 1986 Accepit
226 1913 304 1980 freta,
318 1913 434 1968 caeruleo
446 1913 574 1984 propulsa
585 1915 710 1968 tridente.

98 2004 222 2073 Namque
234 2019 283 2072 per
293 2001 430 2057 occultum
440 2017 511 2054 caeca
521 2002 550 2055 vi
559 2002 674 2056 turbinis
685 2001 752 2056 olim

97 2093 250 2163 Impactum
262 2091 372 2163 pelagus
382 2090 504 2145 laceratae
516 2091 617 2144 viscera
628 2101 707 2144 terrae
817 2109 819 2113 ¹

99 2178 222 2243 Discidit,
234 2189 272 2243 et,
285 2178 374 2232 medio
385 2195 563 2250 perrumpens
573 2195 639 2232 arva
649 2178 798 2247 profundo,
892 2187 894 2191 ’

99 2268 171 2323 Cum
182 2267 291 2339 populis
302 2268 402 2339 pariter
411 2267 547 2321 convulsis
560 2266 696 2321 transtulit
708 2266 800 2320 urbes.

98 2355 140 2408 Ex
154 2355 211 2422 illo,
228 2373 336 2410 servans
348 2357 457 2428 rapidus
469 2357 594 2423 divortia,
608 2359 712 2411 Nereus

99 2445 177 2498 Saevo
189 2445 314 2499 dividuos
325 2445 453 2516 conjungi
465 2457 591 2518 pernegat
603 2455 682 2499 aestu.

99 2530 150 2585 Sed
161 2533 288 2602 spatium,
303 2533 374 2601 quod
385 2528 507 2588 dissociat
519 2534 652 2588 consortia
663 2543 753 2598 terrae,

100 2615 224 2674 Latratus
236 2617 308 2673 fama
320 2630 359 2673 est
373 2621 423 2690 (sic
434 2632 506 2676 arcta
517 2619 660 2674 intervenit
672 2621 757 2689 unda)

99 2703 134 2758 Et
144 2707 292 2767 matutinos
302 2707 447 2763 volucrum
458 2709 605 2764 tramittere
616 2719 722 2763 cantus.

100 2790 190 2847 Multa
201 2794 259 2848 solo
272 2793 369 2848 virtus.
385 2797 442 2863 jam
455 2797 566 2850 reddere
578 2795 668 2849 foenus
676 2796 780 2863 aratris,

101 2879 158 2946 Jam
171 2893 276 2937 montes
288 2884 413 2939 umbrare
425 2885 493 2954 olea,
506 2885 570 2939 dare
582 2884 692 2942 nomina
703 2886 817 2953 uacuo,

134 2985 208 3026 vou.
223 2987 258 3026 11.
504 2989 513 3027 1
