2010 3450
101 282 136 336 74
314 270 404 319 trs'su
423 275 480 321 xrs·
515 278 546 317 v.
559 266 708 333 sss—6542

102 382 227 442 incussit.
249 400 355 440 summa
365 381 509 454 liquefacta
520 392 561 437 est
572 384 662 455 cuspis
673 384 702 461 iu
713 383 799 450 buta,

101 475 139 539 Et
151 473 242 540 fluxit,
254 490 303 529 ceu
315 481 455 541 correptus
467 470 630 540 fornacibus,
642 473 724 528 ensis.

100 561 242 617 Ambustis
254 561 299 615 sed
310 561 383 614 enim
394 558 492 614 ductor
504 559 629 615 Sidonius
639 561 721 616 armis

101 651 214 705 Sistebat
226 650 319 722 socios,
331 659 359 702 et
370 663 474 702 caecum
484 664 500 700 e
511 647 629 701 nubibus
641 647 741 719 ignem,

100 740 299 809 Murmuraque
311 754 327 790 a
338 737 426 790 ventis
437 735 542 790 misceri
553 751 624 790 vana
635 735 759 791 docebat.

101 827 225 882 Tandem
233 835 293 897 post
303 825 393 880 clades
404 821 507 878 sociilm
519 822 634 894 coelique
644 824 762 889 ruinam,

101 917 163 970 Non
175 915 250 967 hoste
262 913 289 966 in
302 911 401 967 nimbis
412 910 481 975 viso,
496 927 550 965 non
561 928 634 977 ense,
645 910 740 966 referri
817 926 825 943 ’

102 1003 182 1074 Signa
191 1003 268 1069 jubet
278 1001 382 1066 castris,
395 1009 555 1070 moestasque
566 998 704 1057 resuscitat
714 1000 779 1056 iras.

100 1090 195 1145 Ventis
202 1091 312 1145 debebis
322 1089 452 1145 nimirum
462 1088 610 1160 hiemisque
621 1084 749 1158 procellis
835 1133 838 1139 .
852 1088 854 1092 ’

100 1179 203 1243 Unum,
217 1178 314 1245 Roma,
325 1179 408 1233 diem.
428 1177 474 1231 sed
484 1194 539 1231 non
552 1185 579 1231 te
591 1177 706 1232 crastina
718 1178 796 1233 nobis

100 1265 162 1319 Lux
172 1282 291 1335 unquam
302 1267 412 1338 eripiet3
425 1266 569 1320 descendas
579 1267 686 1338 Jupiter
697 1268 755 1337 ipse

101 1356 136 1409 In
148 1366 231 1411 terras
242 1355 313 1412 licet.
334 1355 495 1410 Infrendens
505 1354 573 1410 dum
585 1356 650 1411 talia
660 1357 745 1424 fatur,

100 1442 171 1498 Ecce
182 1453 302 1497 serenato
310 1444 415 1497 clarum
423 1444 505 1510 jubar
514 1445 612 1500 emicat
620 1463 681 1512 sue,

100 1531 285 1605 Purgatusque
295 1533 363 1586 nitet
371 1532 496 1587 discussis
507 1533 627 1588 nubibus
638 1535 733 1590 ather.

100 1620 232 1676 AEneadae
242 1636 346 1675 sensere
358 1620 458 1684 Deum,
467 1620 580 1691 telisque
593 1623 706 1692 repostis

100 1708 247 1762 Submissas
258 1708 372 1762 tendunt
383 1707 437 1761 alta
446 1708 481 1761 ad
493 1709 628 1780 Capitolia
639 1711 759 1776 dextras,

99 1797 136 1850 Et
146 1797 213 1850 festa
222 1797 334 1868 cingunt
345 1796 444 1850 montis
456 1797 604 1868 penetralia
615 1797 702 1852 lauro.

98 1885 176 1938 Tum
186 1884 288 1950 vultus,
300 1885 381 1938 modo
393 1901 448 1937 non
458 1899 544 1955 parvo
555 1885 652 1938 sudore
663 1886 810 1954 madentes,

99 1977 179 2029 Nunc
191 1973 265 2027 laetos
276 1973 352 2041 Jovis
363 1984 509 2045 aspectant.
529 1974 581 2040 Da,
593 1991 695 2030 summe
709 1976 842 2042 Deorum,

101 2063 154 2127 Da,
165 2072 250 2134 pater,
264 2073 295 2116 ut
307 2080 383 2116 sacro
396 2061 478 2131 Libys
490 2061 560 2116 inter
571 2063 666 2133 proelia
678 2063 734 2118 telo
764 2128 767 2132 ,

99 2151 241 2206 Concidat.
260 2149 332 2204 baud
342 2149 395 2203 alia
406 2151 476 2221 potis
491 2161 531 2204 est
542 2152 701 2207 occumbere
712 2153 818 2211 dextra.
840 2184 844 2191 ·

100 2240 143 2294 Sic
155 2241 221 2294 adeo
232 2251 339 2294 orantes
350 2256 468 2310 pressere
482 2240 595 2306 silentia,
609 2251 752 2314 postquam

99 2327 259 2383 Abstulerat
271 2339 354 2382 terras
365 2328 534 2399 nigrantibus
545 2332 681 2400 Hesperus
691 2331 811 2387 umbris:

100 2423 199 2492 Qem,
212 2418 291 2472 simul
303 2417 428 2474 attollens
439 2418 595 2474 ustilantem
606 2419 739 2491 lampada,
752 2421 838 2475 Titan

99 2508 210 2574 Obruit,
222 2516 249 2561 et
259 2506 323 2562 vitae
335 2505 413 2560 rediit
424 2507 582 2562 mortalibus
593 2525 668 2573 usus,
753 2573 756 2578 .
868 2494 873 2506 ¹

101 2596 201 2650 l’oenus
211 2595 294 2660 adest,
308 2612 356 2649 nec
368 2611 395 2649 se
407 2595 499 2650 castris
512 2597 739 2668 OEnotriapubes

101 2682 238 2737 Continet.
258 2683 338 2737 Haud
348 2683 415 2737 dum
425 2700 500 2738 enses
512 2685 606 2750 stricti,
621 2685 769 2756 mediumq;
779 2687 887 2753 jaoebat

98 2773 221 2828 Tantum
231 2771 265 2824 ad
276 2770 348 2826 bella
358 2770 421 2839 loci,
434 2783 566 2843 quantum
577 2774 757 2829 transmittere
765 2775 847 2841 jacta

99 2861 255 2914 Sufficerent
266 2859 359 2924 bastae,
372 2878 436 2916 cum
447 2860 539 2934 fulgor
550 2861 693 2917 hebescere
704 2860 768 2917 coeli

100 2949 153 3002 Per
163 2947 283 3003 subitum
294 2947 385 3020 coepit,
397 2949 540 3021 densaeque
552 2951 643 3006 subire
655 2952 787 3020 tenebram
896 3005 901 3010 .
