2010 3450
268 254 271 259 θ
308 302 398 344 arm
416 304 471 344 xv.
507 306 536 343 v.
551 305 706 360 aps-324,
857 303 904 356 ¹4⁹

101 407 224 480 Exiguos
235 407 337 462 habitat
348 425 403 462 non
415 409 472 463 ullo
481 408 588 462 nomine
599 424 701 472 muros,

100 495 243 551 Turbidus
254 495 359 550 incessit
371 496 440 549 telis.
459 495 511 549 lile
523 513 629 564 aequore
641 504 742 558 vectus,

99 583 179 639 Nuuc
192 594 219 638 et
232 583 374 638 Phaeacum
385 585 581 654 Tesprotiaque
592 602 658 638 arva
667 584 804 648 lacessens,

100 672 217 743 Epirum
228 672 308 727 cassis
318 673 449 727 lustrabat
461 672 545 726 futilis
555 673 636 726 ausis.

100 760 180 815 Nunc
187 772 216 814 et
229 761 377 815 Anactoria
386 762 461 831 signa
471 762 615 814 ostentavit
624 762 652 814 in
662 778 719 825 ora,

101 848 316 920 Ambraciosque
327 849 399 902 sinus
411 848 560 916 Pellaeaque
572 849 649 903 litora
659 851 732 904 bello

99 936 223 990 Perfudit
235 937 338 1007 rapido.
357 936 461 1006 pepulit
473 936 541 989 vada
553 935 654 991 fervida
666 942 746 994 remis

99 1024 235 1090 Leucatae,
247 1034 275 1077 et
287 1025 383 1078 Phoebi
395 1025 463 1078 vidit
473 1024 542 1078 citus
555 1025 633 1080 Actia
645 1029 754 1101 templa.

99 1114 154 1168 Nec
165 1122 262 1184 portus
275 1111 384 1178 Ithacae,
398 1111 503 1166 Laertia
515 1128 605 1183 regna,
619 1116 767 1186 Samenque

99 1191 191 1271 Liquit'
202 1200 372 1264 inaccessam,
386 1200 524 1267 fluctuque
536 1201 655 1255 sonantia
665 1220 731 1257 cano

100 1289 169 1342 Saxa
180 1287 388 1359 Cephallenum,
402 1298 429 1340 et
441 1288 586 1358 scopulosis
599 1290 711 1344 Neriton
723 1292 805 1345 arvis.

98 1375 150 1429 Ille
162 1374 255 1439 etiam,
268 1375 374 1444 Pelopis
386 1375 460 1429 sedes
472 1386 498 1428 et
511 1376 614 1430 Achaia
626 1378 699 1430 adire

98 1463 207 1517 Moenia
218 1463 405 1535 praegaudens,
418 1463 522 1517 tristem
534 1463 672 1534 Calydona
685 1465 790 1530 Dianae,

100 1555 260 1625 OEneasque
268 1556 371 1619 domos,
385 1555 511 1608 Curetica
521 1564 601 1619 tecta,
614 1554 730 1619 subibat,

100 1643 264 1697 Promittens
274 1653 370 1696 contra
379 1641 536 1711 Hesperiam
549 1659 596 1694 sua
608 1641 703 1710 proelia
716 1640 816 1707 Grajis.

100 1732 176 1786 Tum
186 1729 299 1784 lustrata
311 1730 430 1799 Ephyre,
444 1729 594 1797 Patraeque,
608 1739 634 1781 et
645 1728 717 1798 regia
730 1727 858 1797 Pleuron,

100 1819 286 1889 Parnasusque
297 1818 396 1888 biceps,
411 1817 568 1887 Phoeboque
580 1816 715 1886 loquentia
724 1834 795 1870 saxa.

100 1910 153 1974 Ac,
166 1923 238 1976 saepe
249 1907 284 1960 ad
294 1907 395 1977 patrios
405 1906 479 1959 bello
489 1916 630 1959 revocante
642 1915 760 1974 penates,

102 1997 174 2050 Cum
186 1995 269 2049 modo
282 1994 443 2048 Sarmaticus
454 2010 536 2064 regna
547 1990 685 2046 infestaret
694 1994 812 2057 Orestes,

101 2085 208 2154 Aspera
218 2099 290 2134 nunc
300 2082 439 2151 Dolopum
451 2081 491 2134 vis
503 2078 664 2133 exunddsset
675 2080 702 2134 in
713 2098 801 2152 agros,

100 2173 215 2242 Incepto
228 2179 317 2223 tamen
329 2169 402 2224 haud
414 2169 498 2222 facilis
508 2167 632 2220 desistere
640 2185 720 2235 vano,

101 2258 169 2312 Belli
180 2273 231 2328 per
242 2256 342 2322 Grajas
353 2255 478 2309 umbram
489 2255 654 2310 circumtulit
665 2274 735 2310 oras.

101 2349 208 2413 Donec,
220 2363 294 2400 nunc
306 2347 411 2419 pelago,
425 2363 497 2399 nunc
509 2357 581 2401 terra
592 2359 699 2412 exutus,
713 2348 802 2402 omisit

101 2437 181 2506 Spem
190 2433 306 2504 positam
316 2433 344 2487 in
356 2433 456 2503 Tyriis,
468 2444 495 2486 et
507 2434 622 2504 supplex
634 2434 736 2488 foedera
744 2434 832 2489 sanxit

102 2526 239 2589 Dardana,
252 2541 301 2577 nec
312 2523 399 2594 legem
411 2541 494 2593 regno
506 2525 636 2595 accepisse
646 2524 754 2596 refugit.

101 2614 181 2668 Tunc
194 2622 221 2666 et
233 2610 366 2681 Tyndarii
377 2612 466 2665 Latias
476 2614 595 2665 Fortuna
605 2614 719 2666 Tarenti

101 2702 189 2755 Auxit
200 2716 266 2771 opes
276 2698 436 2769 laudemque
447 2699 539 2754 simul.
559 2717 622 2753 nam
634 2699 735 2770 perlida
745 2701 852 2756 tandem

100 2789 172 2843 Urbs
185 2788 270 2842 Fabio
279 2787 385 2841 devicta
396 2788 461 2854 seni,
475 2799 626 2859 postremus
638 2788 665 2840 in
676 2787 755 2842 armis

102 2877 228 2939 Ductoris
240 2875 336 2930 titulus
348 2876 429 2930 cauti.
448 2877 572 2931 sollertia
583 2886 674 2929 tutum

101 2964 176 3023 Tum
189 2981 272 3039 quoq;
283 2964 380 3038 adepta
390 2964 481 3037 decus,
493 2965 577 3036 captis
588 2964 643 3020 sine
655 2963 780 3037 sanguine
792 2961 886 3021 muris.
