2010 3450
109 237 160 285 aot
300 242 392 283 arara
412 241 492 282 xvrt.
528 233 721 294 tum—413.

105 352 157 416 Ne,
171 349 192 404 si
204 347 325 403 miscebit
338 347 399 401 latis
411 347 469 400 sera
478 345 575 416 proelia
584 345 695 418 campis,

105 438 231 492 Romulei
243 453 358 507 nequeas
365 434 473 503 juvenis
484 435 633 489 subducere
642 435 759 491 dextra.

107 528 181 580 Dum
193 525 285 580 statuit
295 524 349 579 fata
360 524 529 594 omnipotens
540 523 656 594 urbique
666 522 795 594 ducique,

105 615 242 669 Invadunt
252 613 322 668 acies
332 629 462 684 pugnam,
475 622 503 667 et
514 611 631 667 cbmore
643 610 778 667 laeenam

105 703 206 756 Sidera.
225 705 288 757 Non
297 702 351 756 alio
361 704 499 773 graviores
510 711 631 771 tempore
641 702 712 757 vidit
724 756 728 761 ,

105 794 165 845 Aut
178 792 289 863 populos
301 791 389 857 tellus,
401 801 458 858 aut,
471 791 520 861 qui
529 790 617 862 patria
625 807 702 847 arma
712 801 862 860 mouerent,

104 879 224 946 Majores
234 889 337 933 certare
347 880 438 934 dracea
458 878 708 949 menumquam.
878 860 884 868 ι

103 968 137 1019 In
148 968 237 1021 medio
248 985 359 1033 meroes,
370 968 503 1039 quidquid
511 967 577 1038 tegit
587 963 829 1040 undqoescoelum.

104 1056 166 1107 Ibat
178 1056 338 1125 Agenoreus
349 1055 515 1126 praefulgens
526 1054 659 1113 ductoria
668 1066 756 1123 oeno,
773 1109 779 1120 ,
873 1040 877 1047 ’

103 1141 300 1214 Excelsumque
311 1155 392 1213 caput
403 1161 490 1215 penna
500 1152 610 1199 nutante
620 1143 730 1199 levabat

104 1233 193 1286 Crista
203 1233 311 1287 rubens.
329 1250 418 1287 aaevua
428 1250 527 1304 magno
536 1233 569 1287 de
582 1233 689 1287 nomine
700 1243 792 1289 terror

104 1321 243 1386 Praecedit,
257 1320 388 1392 Latioque
400 1321 484 1377 micat
493 1322 562 1377 bene
574 1321 698 1392 cognitus
709 1321 791 1378 ensis.

103 1412 144 1463 At
156 1422 249 1463 contra
256 1410 362 1464 ardenti
373 1410 495 1465 radiabat
506 1409 594 1481 Scipio
604 1426 697 1475 cocco,

101 1498 265 1551 Terribilem
276 1507 412 1553 ostentans
422 1497 548 1568 clipeum,
562 1515 615 1565 quo
626 1497 713 1568 patris
721 1507 750 1551 et
762 1515 818 1554 una
881 1552 886 1560 ,

103 1584 221 1638 Caelitrat
235 1586 322 1657 patrui
335 1585 465 1656 spirantes
474 1583 571 1655 ptoelia
581 1583 640 1639 dira

102 1674 223 1744 Effigies:
246 1675 382 1727 flammam
392 1674 528 1743 ingentem
537 1672 614 1731 frons
626 1671 683 1726 alta
694 1673 832 1729 vomebat·
888 1691 891 1699 ·

103 1762 157 1814 Sub
170 1771 242 1814 tanta
253 1760 355 1814 cunctis
367 1760 394 1814 vi
408 1760 576 1830 telorumque
588 1760 777 1832 virorumque,

102 1850 135 1901 ln
147 1849 260 1902 ducibus
272 1848 359 1902 stabat
370 1865 429 1919 spes
441 1858 469 1913 et
479 1847 591 1902 victoria
602 1847 675 1903 solis.

102 1939 176 2014 Qin
188 1937 277 2002 etiarn,
291 1936 369 1990 favor
379 1946 410 1989 ut
423 1935 522 2007 subigit
534 1935 677 2008 plerosque
689 1947 824 2006 memsve,

101 2027 188 2099 Scipio
199 2027 221 2079 ai
233 2025 339 2095 Libycis
350 2034 419 2078 esset
429 2034 571 2096 generatus
582 2023 610 2077 in
622 2025 687 2091 oris,

100 2120 210 2187 Sceptra
219 2116 253 2169 ad
265 2117 423 2186 Agenoreos
435 2114 548 2169 credunt
560 2124 676 2169 ventura
686 2123 809 2186 nepotes.

99 2206 234 2262 Hannibal
245 2205 368 2260 Ausonia
378 2205 484 2276 genitus
496 2205 517 2257 si
530 2203 590 2258 sede
603 2203 707 2271 fuisset,

100 2296 179 2349 Haud
192 2294 314 2348 dubitant
327 2303 411 2347 terras
424 2293 493 2348 Itala
505 2293 533 2347 in
544 2291 645 2345 ditione
656 2291 774 2347 futuras.

100 2382 293 2437 Contremuere
304 2398 387 2445 aurae,
399 2379 493 2448 rapido
500 2378 669 2435 vibrantibus
680 2377 765 2433 hastis

99 2471 233 2536 Turbine,
247 2479 272 2521 et
284 2467 436 2523 horrificam
447 2477 553 2523 traxere
564 2485 613 2540 per
624 2465 727 2524 aethera
737 2464 846 2521 nubem.

97 2561 165 2612 Inde
177 2558 256 2623 ensis,
270 2558 431 2627 propiorque
443 2557 521 2623 acies,
534 2567 561 2611 et
571 2554 724 2613 comminus
734 2571 783 2609 ora

99 2648 228 2711 Admota,
242 2664 273 2700 ac
284 2646 342 2699 dira
352 2645 495 2716 flagrantia
501 2645 605 2703 lumina
616 2644 735 2699 flamtna.

97 2734 231 2788 Sternitur
242 2735 269 2787 in
281 2735 399 2788 medium
411 2733 571 2791 contemtrix
583 2733 664 2787 turba
675 2730 780 2800 pericli,

98 2825 168 2892 Qae
180 2822 272 2892 primis
285 2841 312 2876 se
324 2821 488 2894 praecipitem
500 2822 561 2876 tulit
573 2822 654 2876 obvia
665 2818 735 2884 telis,

97 2910 368 2983 Gentilemquebibit
378 2911 457 2969 tellus
468 2913 553 2968 invisa
563 2929 700 2970 cruorem»
