2010 3450
311 266 403 316 usn
420 267 488 310 xrr.
524 273 554 312 v.
570 272 719 325 ¹¹5-144·
875 274 923 326 ιη

113 369 313 445 Ambiguaeque
324 372 464 428 hominum
475 385 593 442 mentes;
614 374 786 448 Karthaginis
798 392 873 433 arma

113 466 190 538 Qos
201 472 320 527 teneant,
332 473 359 516 et
370 473 480 534 quanta,
489 463 561 520 locos
568 485 577 528 ;
590 466 664 536 quod
676 465 774 537 vulgus
784 465 900 519 amicum

112 551 199 604 Duret
210 550 391 621 Troiugenis3
407 562 522 622 quantos
535 554 673 608 Arethusa
684 563 803 607 tumores

112 637 265 708 concipiat,
276 649 431 709 perstetque
443 657 503 695 suas
516 658 569 697 non
581 642 697 713 pandere
709 653 813 713 portam

110 726 250 781 Incumbit
261 726 347 792 bello,
355 745 386 782 ac
398 737 483 782 totam
496 745 545 800 per
556 731 679 799 pmxima
689 729 789 800 raptim

110 815 263 869 Armorum
274 814 387 869 effundit
401 815 538 869 flammato
548 825 656 884 pectore
668 827 779 888 pestem.

109 907 171 960 Non
182 906 263 960 aliter
274 907 382 971 Boreas,
396 905 543 976 Rhodopes
553 923 569 959 a
580 907 679 960 vertice
690 923 808 978 praeceps

110 994 181 1049 Cum
193 1011 250 1049 sese
262 994 381 1060 immisit,
394 994 552 1064 decimoque
562 992 699 1048 volumine
711 1006 825 1063 pontum

110 1083 224 1156 Expulit
235 1083 263 1137 in
275 1092 369 1148 terras,
384 1082 503 1150 sequitur
513 1100 577 1136 cum
588 1099 725 1137 murmure
738 1082 836 1138 molem
889 1132 894 1144 ,

108 1172 193 1240 Ejecti
205 1172 297 1238 maris,
309 1183 337 1226 et
348 1170 523 1225 stridentibus
535 1171 649 1226 effremit
661 1172 719 1225 alis.

107 1259 196 1315 Prima
207 1260 355 1327 Leontinos
366 1259 506 1314 vastarunt
519 1258 613 1330 proelia
624 1277 741 1330 campos,

106 1349 258 1423 Regnatam
269 1350 329 1403 diro
341 1350 476 1418 quondam
489 1349 659 1420 Laestrygone
671 1359 780 1402 terrant.

105 1437 344 1503 instabatductor,
362 1437 407 1492 cui
419 1437 494 1494 tarde
506 1437 614 1493 vincere
626 1439 724 1504 Graias

108 1527 158 1580 Par
169 1535 238 1591 erat,
251 1541 283 1579 ac
293 1524 375 1590 vinci,
388 1534 499 1579 turmas.
520 1524 572 1581 ruit
585 1542 691 1596 aequore
703 1535 775 1590 tutor
872 1543 875 1547 ·

70 1682 74 1690 .
107 1614 276 1686 (Femineum
287 1613 379 1667 credas
390 1613 509 1668 maribus
518 1629 679 1668 concurrere
691 1613 817 1684 vulgum)

103 1700 138 1754 Et
151 1699 246 1776 Cereri
256 1698 368 1770 placitos
380 1699 505 1754 fecundat
518 1700 643 1773 sanguiue
653 1717 771 1771 campos.

104 1789 269 1842 Sternuntur
280 1787 389 1858 possim3
409 1788 575 1859 pedibusque
586 1788 700 1842 evadere
711 1788 796 1842 letum

102 1874 211 1947 Eripuit
223 1872 332 1944 rapidus
344 1875 469 1930 Mavors.
489 1886 520 1929 ut
531 1874 626 1944 cuique
639 1875 752 1929 salutem

100 1963 226 2018 Promisit
237 1962 309 2034 fuga,
324 1963 492 2034 praeveniens
502 1965 559 2018 dux
571 1975 683 2033 occupat
695 1979 767 2017 ense.

100 2056 152 2121 lte,
164 2071 275 2128 gregem
286 2056 379 2111 metite
390 2054 536 2118 imbellem,
549 2071 579 2108 ac
592 2052 716 2107 succidite
728 2052 812 2118 ferro,

100 2142 217 2208 elamat,
229 2153 384 2198 cunctantes
394 2160 493 2214 urgens
505 2142 620 2195 umbone
631 2150 761 2194 catervas.

100 2234 181 2306 Pigro
193 2234 312 2288 luctandi
324 2233 412 2288 studio
421 2243 554 2288 certamen
567 2233 594 2285 in
606 2232 704 2286 umbra

99 2321 189 2376 Molle
200 2320 255 2393 pati
267 2323 356 2387 docta,
368 2334 395 2376 et
407 2322 526 2394 gaudens
537 2319 720 2392 splendescere
730 2319 815 2386 olivo,

98 2410 166 2474 Stat,
178 2409 312 2464 mediocre
322 2411 404 2465 decus
415 2411 580 2474 vincentum,
593 2409 690 2480 ignava
698 2403 836 2477 juventus,

98 2498 164 2551 Haec
176 2495 234 2549 laus
247 2496 303 2550 sola
314 2497 403 2562 datur,
416 2497 437 2550 si
449 2497 507 2550 viso
518 2497 624 2551 vincitis
635 2497 721 2550 hoste.

98 2582 215 2653 ingruit,
227 2582 320 2637 audito
331 2583 453 2650 ductore,
465 2583 599 2639 exercitus
610 2586 710 2651 omnis3

80 2675 83 2680 “
97 2671 219 2739 Solaque,
232 2671 308 2741 quod
319 2683 446 2741 superest,
460 2689 550 2726 secum
562 2672 708 2726 certamina
719 2671 839 2739 mdrunt,

98 2758 167 2833 Qis
177 2759 275 2812 dextra
285 2758 402 2824 antistet,
415 2759 557 2829 spoliisque
568 2758 681 2814 excellat
691 2760 796 2830 opimis.

97 2845 209 2900 Euboici
221 2862 288 2909 non,
302 2860 350 2914 per
361 2846 483 2916 scopulos
495 2847 564 2901 illisa
576 2847 725 2917 Caphereo,

97 2931 189 3009 Euripi
202 2932 289 3007 magis
300 2933 373 2988 unda
383 2933 463 3003 lurit3
479 2945 627 3008 pontumue
639 2948 775 2992 sonantem
