2010 3450
286 270 380 312 um·
395 267 477 311 xvrt.
515 272 546 312 v.
561 273 709 328 ²94-s2s·
851 268 899 328 2⁶5

93 377 240 444 Laudibus,
253 375 367 448 ignifero
377 387 481 431 mentes
493 375 729 431 furiabat-initam
743 398 747 407 ·
779 400 784 407 ·

86 468 218 531 Hortarer,
230 464 387 535 sacrisque
397 464 492 518 urebat
504 475 612 535 pectora
623 464 754 520 flammis.-

91 555 139 610 Tu
151 554 218 608 mihi
231 552 354 606 Flaminii
366 561 456 623 portas
472 554 589 607 rorantia
600 553 665 607 caesi·

92 645 149 697 Ora
159 642 250 695 ducis:
269 656 351 694 msco
362 640 505 694 declamo
515 642 563 693 Tu
573 639 716 711 primusin
726 639 805 696 ictus*

93 728 215 802 Ingentis
228 727 317 782 Paulli
328 728 394 793 ruis,
405 745 437 783 ac
445 727 539 799 defigis
549 728 577 781 in
588 744 660 782 osser·
679 751 683 761 ‚

91 823 268 877 Macronem.
282 819 356 881 ,Tibi
367 821 495 894 pugnacis
506 831 643 891 gestantur
654 820 744 892 opima

90 909 232 965 Marcelli:
249 909 445 980 Gracchusque
454 908 551 964 cadens
560 909 609 962 tlbi
622 909 724 980 proluit
732 928 853 967 ensemc

92 999 164 1053 Ecce
175 1015 281 1063 manus,
293 1016 356 1069 quae
364 1009 391 1050 te
403 999 568 1068 pulsantem
575 998 689 1070 belliger
700 1001 796 1071 Appi,-

93 1086 202 1140 Moenia
209 1085 331 1140 sublimis
344 1086 447 1155 Capuae
456 1085 495 1137 de
502 1086 619 1139 culmine
630 1088 702 1140 muri
766 1104 768 1109 ’

96 1174 213 1228 Excelso
225 1174 285 1228 fuss
294 1173 489 1228 moribundum
499 1174 619 1245 propulit
628 1175 721 1228 hastac

93 1262 164 1318 Ecce
176 1262 250 1316 aliud
262 1263 365 1317 fulmen
376 1263 490 1328 dextrae,
503 1279 557 1331 quo
568 1262 660 1316 nobile·
671 1278 778 1317 nornen*

97 1349 210 1405 Fulvius
222 1351 326 1422 excepit
338 1368 391 1404 non
404 1367 489 1404 unum
499 1359 608 1419 pectore
617 1349 729 1404 vulnusc

93 1440 156 1492 Huc
168 1438 291 1510 primate
304 1439 364 1491 siste
373 1438 438 1503 acic,
452 1438 495 1492 cui
507 1438 610 1491 Consul
622 1437 650 1490 in
662 1437 757 1491 arnis
858 1453 861 1457 ·

95 1525 237 1599 Crispinus
249 1526 353 1581 cecidit.
373 1528 466 1580 Metu
477 1526 605 1580 comitare
617 1541 667 1598 per
676 1526 780 1592 hostes·
797 1545 800 1563 =

96 1616 152 1688 Qfi
165 1614 242 1668 nobis
253 1614 387 1686 (memini)
400 1615 434 1668 ad
446 1615 551 1668 Cannas
563 1614 713 1669 laerissimus
723 1614 782 1668 irae·

96 1702 195 1758 Servili
207 1702 261 1756 fers
272 1721 321 1757 ora
331 1702 407 1757 ducis
418 1703 513 1757 suffixa
522 1713 629 1758 veruto.

95 1791 187 1846 Cerno
193 1791 337 1864 flagrantes
347 1792 448 1857 oculos,
461 1794 622 1866 vultumque
633 1796 782 1852 timendum

94 1882 157 1935 Non
166 1881 225 1952 ipso
236 1880 326 1934 minus
338 1897 400 1934 ense
412 1891 501 1948 tuum,
514 1881 658 1936 fortissime
670 1883 787 1939 Poenilrn

94 1969 120 2022 0
128 1969 252 2036 juvenis:
273 1968 382 2040 qualem
396 1969 462 2036 vidi,
474 1987 537 2024 cum
550 1971 660 2025 flumine
673 1988 746 2026 ssevo

93 2058 210 2129 Insignis
221 2058 516 2129 Trebiaecomplexurn
529 2058 680 2129 ingentibus
692 2059 764 2114 ulnis

94 2145 217 2200 Mersisti
227 2146 313 2200 fundo
324 2147 471 2201 luctantem
481 2163 551 2201 vana
562 2146 714 2200 tribunum.

95 2236 136 2287 Ar
146 2245 186 2299 tu,
199 2235 248 2305 qui
258 2235 360 2305 gelidas
368 2236 459 2290 Ticini
470 2235 574 2307 primus
584 2235 619 2287 ad
630 2234 718 2288 undas
778 2231 781 2236 ’

96 2323 225 2394 Scipiadae
236 2324 319 2393 patris
329 2323 431 2380 tinxisti
443 2324 571 2396 sanguine
582 2323 694 2388 ferrum,

95 2410 205 2479 Incepta
215 2427 371 2484 exsequere,
385 2423 413 2466 et
424 2413 479 2467 nati
490 2412 556 2467 mihi
569 2413 650 2466 redcle
662 2428 796 2466 cruorem.

97 2496 292 2554 Horrescamne
303 2501 391 2571 ipsess
396 2503 504 2556 veniant
515 2503 550 2555 ad
558 2501 664 2571 proelia‚
678 2500 775 2567 Divos,

98 2585 168 2640 Cum
180 2588 374 2655 stetisturmaef
384 2589 452 2654 vidi,
464 2590 591 2644 certantia
597 2589 672 2644 'coelo

98 2681 171 2750 Qas
176 2679 188 2744 j
195 2692 247 2749 ugs
256 2678 388 2732 calcantes
401 2695 518 2732 summas
528 2679 641 2732 volitare
652 2693 701 2747 per
711 2678 808 2749 Alpes.

98 2767 168 2822 Cum
180 2767 297 2832 videaur,
309 2785 427 2837 quorum
438 2767 512 2821 ferro
523 2767 697 2836 manibusque
709 2783 816 2838 capaces

100 2858 200 2912 Arsere
213 2857 469 2928 Argyripaecampi,
482 2873 548 2910 num
559 2855 665 2928 segnior
676 2855 727 2909 ibis

99 2947 177 3002 Nunc
188 2946 266 3016 milri,
279 2945 327 3017 qui
338 2946 441 3019 primus
452 2954 563 3023 torques
574 2945 604 3002 in
610 2946 811 3002 moenia·telurn
