2010 3450
261 276 354 333 arnus
371 291 441 334 xrrr.
477 288 507 331 v:
520 283 668 349 594—623.
821 299 866 337 101

59 400 174 471 Viperea
184 397 287 453 latrans
298 397 466 469 circumligat
477 398 522 452 ilia
533 399 626 453 cauda.

59 489 165 541 Dextra
175 497 250 540 vasta
260 502 350 541 comas
362 503 553 558 nemorosaque
565 487 674 542 brachia
685 485 775 542 fundit

56 578 163 640 Tarus,
177 575 274 644 Cocyti
284 574 361 646 rigua
373 575 525 629 frondosior
537 578 618 629 unda.

58 663 111 719 llic
122 664 191 718 dirae
201 665 335 728 volucres,
347 675 490 736 pastusque
501 665 630 718 cadavere
641 665 745 731 vultur,

57 753 94 807 Et
106 753 210 807 multus
221 753 306 817 bubo,
319 770 349 806 ac
361 752 458 824 sparsis
470 752 536 805 strix
551 754 676 825 sanguine
688 752 790 825 pennis,

58 841 238 912 Harpyiaeque
251 840 343 894 fovent
357 841 442 905 nidos,
455 852 535 909 atque
545 843 669 895 omnibus
682 842 784 896 haerent

59 928 211 982 Condensae
224 927 308 980 foliis:
325 928 401 980 saevit
415 928 574 982 stridoribus
585 929 676 982 arbor.

59 1019 114 1070 Has
125 1017 200 1069 inter
211 1014 311 1068 formas
322 1017 422 1082 conjux
433 1016 546 1084 Junonis
558 1018 688 1080 Avernae,

58 1107 193 1177 Suggestu
205 1104 334 1169 residens,
345 1104 479 1175 cognoscit
493 1105 605 1158 crimina
617 1121 722 1176 regum.

59 1194 134 1246 Stant
147 1192 242 1256 vincti,
257 1209 369 1260 seroque
381 1193 453 1262 piget
466 1192 517 1245 sub
526 1192 617 1258 judice
628 1193 727 1263 culpae.

57 1281 261 1335 Circumerrant
273 1279 371 1344 Furiae,
385 1297 578 1350 poenarumque
589 1282 675 1334 omnis
686 1280 783 1352 imago.

58 1373 150 1442 Qam
162 1367 264 1420 vellent
275 1383 414 1436 nunquam
427 1367 535 1438 sceptris
548 1366 651 1421 fulsisse
664 1368 798 1439 superbisl

58 1458 193 1510 Insultant
201 1455 272 1508 duro
285 1454 397 1524 imperio
409 1471 463 1506 non
475 1455 555 1525 digna
568 1472 616 1508 nec
629 1473 706 1525 aequa

58 1543 105 1595 nd
118 1557 230 1612 superos
242 1539 311 1611 passi
324 1557 428 1593 manes:
447 1559 560 1611 quaeque
572 1553 633 1595 ante
645 1541 747 1611 profari

58 1634 123 1686 Non‘
131 1631 238 1684 licitum
249 1629 329 1693 vivis,
342 1629 450 1683 tandem
463 1630 591 1701 permissa
602 1642 763 1702 queruntur.

58 1721 139 1774 Tunc
152 1719 220 1772 alius
230 1717 309 1770 saevis
322 1717 452 1788 religatur
463 1735 530 1788 rupe
543 1717 657 1771 catenis:

58 1810 112 1862 Ast
122 1808 191 1861 alius
203 1807 303 1877 subigit
316 1823 411 1859 saxum
422 1817 515 1859 contra
526 1806 609 1859 ardua
622 1805 737 1860 montis:
803 1835 806 1841 ·

58 1899 176 1969 vipereo
188 1897 280 1949 domat
292 1895 364 1948 hunc
378 1905 477 1948 aeterna
488 1896 610 1966 Megaera
622 1895 740 1966 flagello.

58 1987 138 2041 Talia
148 1984 260 2038 letiferis
271 1995 371 2037 restant
383 1984 506 2054 patienda
517 1983 646 2054 tyrannis.

58 2075 110 2131 sed
122 2084 149 2127 te
162 2082 298 2126 maternos
310 2083 416 2142 tenipus
428 2089 586 2143 cognoscere
598 2072 700 2138 vultus,

58 2165 145 2232 Cujus
156 2163 245 2234 prima
256 2161 329 2215 venit
342 2179 395 2215 non
408 2162 489 2215 tardis
501 2162 621 2230 passibus
632 2162 740 2215 umbra.

57 2253 192 2307 Adstabat
205 2250 319 2305 fecunda
330 2250 405 2318 Jovis
418 2249 566 2318 Pomponia
578 2249 662 2303 furto.

47 2343 191 2412 Namque,
205 2339 253 2393 ubi
265 2339 391 2410 cognovit
405 2338 482 2391 latio
495 2338 630 2408 surgentia
641 2336 713 2391 bella

55 2428 217 2492 Poenorum,
231 2427 334 2491 Venus,
348 2424 454 2478 insidias
465 2425 566 2476 anteire
578 2424 702 2477 laborans

55 2514 182 2584 Junonis,
195 2513 256 2566 fusa
268 2512 365 2565 sensim
377 2529 426 2581 per
436 2523 544 2583 pectora
558 2521 660 2582 patrem

56 2601 196 2674 Implicuit
210 2601 328 2653 flamma.
349 2604 420 2675 Qae
433 2600 462 2652 ni
474 2599 581 2671 provisa
592 2598 715 2666 fuissent,

57 2690 166 2744 Sidonia
178 2689 274 2742 Iliacas
287 2706 359 2742 nunc
371 2690 448 2760 virgo
459 2688 613 2741 accenderet
624 2704 692 2739 aras.

57 2778 131 2849 Ergo
142 2777 192 2831 ubi
204 2787 327 2848 gustatus
338 2794 429 2843 cruor,
442 2776 635 2847 admonuitque
648 2775 757 2847 Sibylla,

57 2865 94 2918 Et
105 2866 180 2920 dedit
191 2866 310 2920 alternos
322 2866 452 2921 ambobus
465 2880 574 2917 noscere
586 2863 688 2929 vultus,

59 2953 100 3008 Sic
109 2954 221 3022 juvenis
232 2953 322 3025 prior:
342 2953 378 3022 0,
391 2953 480 3026 magni
492 2951 558 3006 mihi
570 2950 686 3005 numinis
696 2949 789 3020 instar,
