2010 3450
152 281 202 333 ¹3²
354 277 450 330 alm
468 272 538 321 xrr.
573 276 605 321 ν.
615 264 763 336 5⁶s-594·

152 384 229 436 Stant
240 382 298 437 aliae
307 382 394 438 toedis.
413 381 535 453 splendet
546 381 651 438 lucente
663 382 803 454 profundo

152 471 298 537 Mulciber,
311 482 338 525 et
350 471 467 525 tremula
477 470 603 525 vibratur
612 470 727 542 imagine
738 470 849 542 potitus.

152 559 241 619 Ardet
252 567 316 612 nota
326 558 400 612 fretis
412 557 515 628 Cyane,
528 566 694 628 pennataque
706 556 793 611 Siren.

150 647 240 701 Ardet
251 657 278 701 et
289 647 408 720 Europe,
421 645 494 700 nivei
505 647 557 700 sub
566 645 680 718 imagine
691 646 763 700 tauri

151 735 235 788 Vecta
245 732 317 802 Jovi,
329 751 359 788 ac
371 749 468 803 prenso
479 733 630 788 tramittens
644 750 752 803 aequora
761 751 862 789 cornu.

150 824 187 877 Et
198 841 269 894 quae,
282 823 341 879 fusa
350 838 449 890 comm,
460 839 578 877 curvum
589 839 639 893 per
650 822 749 877 caerula
757 822 860 895 piscem

150 911 244 965 Nereis
255 910 377 965 humenti
386 911 541 965 moderatur
552 910 656 964 roscida
666 910 755 964 freno.

149 997 246 1051 Uritur
257 997 408 1068 rurdiragus
416 997 532 1067 Python,
545 1007 572 1053 et
583 997 707 1069 corniger
719 999 868 1066 Hammon,

150 1087 197 1152 Et,
211 1104 272 1158 quae
284 1087 404 1142 Sidonios
416 1087 509 1142 vultus
520 1089 645 1159 portabat
652 1089 745 1156 Elisae,

151 1175 197 1227 teis
207 1174 289 1228 ternis
300 1175 364 1229 ratis
375 1175 514 1229 ordinibus
524 1187 641 1247 grassata
652 1194 700 1248 per
711 1179 807 1234 undas.

151 1265 192 1316 At
203 1262 297 1316 vinclis
308 1263 425 1322 trahitur
434 1273 547 1335 cognata
558 1262 586 1318 in
599 1264 679 1319 litora
688 1267 816 1338 Anapus,

152 1352 361 1423 Gorgoneasque
371 1351 458 1406 ferens
469 1353 503 1406 ad
515 1352 602 1407 sidera
614 1353 730 1426 Begasus
741 1355 806 1415 alas,

151 1439 268 1493 Ducitur
278 1448 305 1492 et
314 1439 409 1509 Libyae
419 1439 517 1511 puppis
529 1439 633 1511 signata
643 1441 768 1511 figuram,

149 1529 187 1581 Et
198 1529 297 1583 Triton
307 1527 439 1599 captivus,
452 1538 479 1582 et
490 1529 576 1583 ardua
587 1529 699 1600 rupibus
710 1530 807 1596 AEtne,

150 1617 279 1688 spirantis
291 1635 371 1690 rogus
383 1617 520 1683 Ettceladi,
534 1619 709 1689 Cadmeaque
722 1618 815 1672 Sidon.

150 1708 207 1759 Nec
219 1723 304 1772 mora,
316 1705 381 1777 quin
393 1706 512 1776 trepidos
523 1705 573 1760 hac
582 1705 660 1760 clade
671 1705 823 1777 irrumpere
834 1721 926 1767 muros

151 1792 283 1863 Signaque
294 1792 367 1845 ferre
377 1791 469 1846 Derim
479 1792 588 1863 templis
596 1794 652 1860 jam
660 1794 770 1862 jamque
782 1794 887 1862 fuisset,

150 1880 188 1934 Ni
200 1881 289 1934 subito
300 1880 456 1951 importuna
466 1879 525 1934 lues
535 1881 696 1951 inimicaque
706 1881 799 1952 pestis,

149 1970 256 2023 Invidia
266 1969 371 2023 Diviim
382 1968 523 2040 pelagique
534 1969 636 2035 labore,
650 1980 755 2039 parata,

150 2061 268 2126 Polluto,
282 2059 384 2113 miseris
395 2059 527 2130 rapuisset
536 2060 643 2131 gaudia,
656 2061 736 2114 coelo.
838 2090 840 2094 ·
917 2051 920 2058 ’

151 2149 275 2220 Criniger
285 2147 407 2202 aestiieris
420 2147 503 2202 Titan
513 2148 764 2216 fervoribusauras,
810 2207 814 2213 ,

150 2237 186 2291 Et
198 2235 317 2306 patulam
330 2235 440 2304 Cyanen
452 2233 559 2306 lateque
571 2236 736 2305 palustribus
747 2238 829 2294 undis

150 2326 323 2395 Stagnantem
335 2323 426 2393 Stygio
438 2323 534 2392 Cocyti
545 2323 666 2396 opplevit
678 2325 771 2390 odore,

148 2415 339 2483 Temporaque
349 2411 483 2476 autumni,
495 2410 565 2466 laetis
578 2412 702 2466 florentia
712 2413 802 2479 donis,

150 2500 282 2565 Foedavit,
296 2500 440 2571 rapidoque
451 2499 571 2553 accendit
584 2501 704 2555 fulminis
715 2501 782 2574 igni.

151 2591 281 2644 Fumabat
295 2604 398 2644 crassus
407 2589 511 2643 nebulis
523 2589 643 2660 caliginis
655 2607 718 2644 aer:

151 2679 293 2746 Squalebat
303 2678 391 2743 tellus,
404 2680 497 2732 vitiato
508 2677 613 2732 fervida
624 2680 718 2746 dorsoq

150 2767 207 2818 Nec
216 2766 318 2820 victum
330 2767 420 2840 dabat,
433 2777 479 2820 aut
491 2765 561 2820 ullas
572 2765 762 2838 languentibus
772 2765 898 2820 umbras:

151 2857 244 2925 Atque
256 2865 313 2908 ater
325 2856 399 2925 picea
411 2872 497 2926 vapor
507 2855 661 2925 exspirabat
671 2855 699 2908 in
710 2854 807 2909 aethra.

149 2938 213 2992 Vim
224 2939 304 3010 primi
315 2956 421 2995 sensere
431 2956 521 2996 canes.¹
539 2957 606 2996 mort
614 2939 735 3003 nubibus·
744 2940 816 2995 atris
