2010 3450
106 248 155 296 rto
298 250 474 296 nrrrrxrr.
510 247 703 308 agit-354.

106 361 210 415 Instant
220 360 379 432 praecipites,
392 370 418 414 et
430 377 514 431 equos
524 359 641 413 clamore
652 360 816 431 gubernant.

107 447 220 513 Fulvus,
234 465 344 502 arenosa
356 465 468 519 surgens
480 446 586 512 tellure,
600 448 650 502 sub
662 464 742 501 auras

106 535 228 606 Erigitur
238 537 344 607 globus,
357 533 438 607 atque
450 535 536 606 operit
547 535 658 607 caligine
670 535 753 589 densa

107 624 345 696 cornipedumque
355 627 422 690 vias,
435 625 642 695 aurigarumque
654 623 770 676 labores.

107 714 159 767 Hic
171 714 259 767 studio
269 713 334 767 furit
346 714 413 767 acris
424 712 496 783 equi,
509 711 576 764 furit
588 711 634 764 ille
645 711 776 781 magistri.

108 800 165 852 Hos
177 800 270 870 patriae
281 801 368 866 favor,
382 801 431 853 hos
442 799 561 854 accendit
574 797 664 851 nobile
675 814 773 851 nornen

106 887 223 955 Antiqui
236 887 343 941 stabuli.
363 899 435 956 sunt,
449 904 517 959 quos
528 903 587 957 spes
598 896 673 958 grata
685 885 790 957 fatiget,

108 975 145 1026 Et
157 993 227 1029 nova
238 976 309 1030 ferre
317 977 413 1047 jugum
424 974 527 1030 cervix.
547 984 621 1039 sunt,
633 975 716 1028 cruda
727 982 849 1029 senceum

109 1066 185 1137 Qus
195 1064 281 1129 juvet,
294 1073 321 1117 et
332 1065 413 1135 longo
426 1063 530 1133 sonipes
539 1071 671 1133 spectatus
683 1062 711 1115 in
724 1080 795 1116 aevo.

107 1149 208 1203 Evolat
219 1161 280 1203 ante
291 1167 393 1216 omnes,
407 1162 537 1220 raptoque
548 1167 596 1220 per
606 1166 668 1203 aera
679 1167 763 1204 curru

109 1238 244 1293 Callaicus
256 1239 376 1310 Lampon
389 1238 470 1310 fugit,
482 1249 561 1307 atque
572 1238 689 1309 ingentia
699 1248 789 1292 tranat

108 1325 256 1379 Exsultans
267 1326 359 1397 spatia,
372 1337 399 1379 et
410 1336 506 1380 ventos
517 1336 578 1397 post
589 1337 665 1396 terga
676 1325 815 1397 relinquit.

110 1413 296 1479 Conclamant,
310 1414 458 1485 plausuque
470 1409 600 1478 fremunt,
611 1413 722 1482 votique
735 1424 867 1484 peractam

109 1501 246 1567 Majorem
257 1502 370 1574 credunt
382 1512 517 1573 praerepto
529 1500 612 1554 limite
623 1510 738 1570 partem.

111 1592 161 1655 At,
175 1589 237 1660 quis
248 1589 358 1643 interior
369 1607 443 1655 cura,
453 1574 483 1642 ¹et
495 1590 637 1660 prudentia
649 1588 723 1642 Circi

110 1679 212 1744 Altior,
225 1679 321 1732 effusas
329 1680 417 1748 primo
428 1677 571 1731 certamine
583 1677 655 1730 vires

111 1768 256 1832 Damnare,
269 1777 296 1820 et
306 1763 385 1821 cassis
396 1767 477 1839 longe
488 1765 648 1837 increpitare
659 1766 777 1836 querelis

109 1856 294 1926 indispensato
305 1855 446 1909 lassantem
456 1871 571 1925 corpora
582 1855 656 1920 nisu,

111 1947 174 2014 Qu
187 1942 292 2008 nimius,-
303 1961 367 2012 quo,
382 1942 482 2011 Cyrne,
495 1943 566 1996 ruis?
585 1947 660 2011 (nam
674 1942 782 2013 Cyrnus
793 1943 896 2016 agebat)

109 2031 352 2096 Verbera-dimitte,
365 2041 392 2085 et
405 2047 501 2084 revoca
513 2032 665 2084 moderatus
675 2027 804 2086 habenas.

111 2122 173 2175 Heu
185 2119 278 2174 surdas
289 2124 377 2173 aures!
398 2118 485 2172 fertur
496 2135 604 2172 securus
615 2136 756 2188 equorum,

110 2210 168 2264 Nec
179 2207 308 2272 meminit,
320 2217 451 2277 quantum
463 2206 550 2276 campi
561 2207 704 2259 decurrere
716 2216 809 2267 restet.

110 2295 263 2361 Proximus,
276 2313 292 2348 a
304 2296 390 2367 primo
402 2295 511 2360 distans,
525 2305 656 2364 quantum
668 2311 778 2366 aequore
789 2290 883 2349 currus

110 2384 231 2454 Occupat
242 2385 307 2454 ipse,
321 2383 372 2436 loci
385 2393 504 2436 tantum:
526 2384 571 2436 sed
583 2384 724 2453 proximus
736 2382 794 2437 ibat

109 2473 198 2524 Astur
210 2471 364 2536 Panchates,
379 2471 496 2542 patrium
508 2471 583 2523 frons
594 2471 654 2524 alba
666 2470 771 2524 nitebat

109 2559 227 2629 Insigne,
238 2569 265 2612 et
276 2560 363 2630 patrio
374 2575 420 2628 pes
432 2559 518 2612 omnis
529 2560 656 2613 concolor
666 2559 744 2614 albo:

109 2648 234 2717 Ingenth
244 2647 335 2711 animi,
350 2648 470 2701 membra
480 2648 553 2701 haud
565 2649 686 2718 procerti,
699 2649 838 2718 decusque
856 2699 858 2707 ,

110 2734 238 2805 Corporis
250 2736 388 2805 exiguum,
402 2737 516 2789 sedtum
529 2736 577 2789 sibi
591 2736 691 2791 fecerat
703 2737 759 2790 alas

111 2821 248 2886 Concitus,
261 2834 341 2892 atque
352 2823 409 2877 ibat-
419 2841 513 2895 campo
524 2823 679 2895 indignatus·
686 2824 815 2879 habenas.

111 2907 236 2962 Crescere
248 2910 399 2978 sublimem,
412 2921 492 2984 atque
503 2911 595 2984 augeri
606 2913 729 2967 membra
740 2924 859 2984 putares.
