<?xml version="1.0" encoding="UTF-8"?>
<!DOCTYPE html PUBLIC "-//W3C//DTD XHTML 1.0 Transitional//EN"
    "http://www.w3.org/TR/xhtml1/DTD/xhtml1-transitional.dtd">
<html xmlns="http://www.w3.org/1999/xhtml" xml:lang="en" lang="en">
 <head>
  <title>
</title>
<meta http-equiv="Content-Type" content="text/html;charset=utf-8" />
  <meta name='ocr-system' content='tesseract 3.04.00' />
  <meta name='ocr-capabilities' content='ocr_page ocr_carea ocr_par ocr_line ocrx_word'/>
</head>
<body>
  <div class='ocr_page' id='page_1' title='image "./cajisiliiitalic00unkngoog_0155.png"; bbox 0 0 2010 3450; ppageno 0'>
   <div class='ocr_carea' id='block_1_1' title="bbox 157 240 750 302">
    <p class='ocr_par' dir='ltr' id='par_1_1' title="bbox 157 240 750 302">
     <span class='ocr_line' id='line_1_1' title="bbox 157 240 750 302; baseline -0.007 -10"><span class='ocrx_word' id='word_1_1' title='bbox 157 240 205 302; x_wconf 76' lang='lat'><strong>146</strong></span> <span class='ocrx_word' id='word_1_2' title='bbox 266 255 267 258; x_wconf 43' lang='lat'>¹</span> <span class='ocrx_word' id='word_1_3' title='bbox 361 244 523 289; x_wconf 70' lang='lat' dir='ltr'><strong>arserat.</strong></span> <span class='ocrx_word' id='word_1_4' title='bbox 559 247 750 302; x_wconf 58' lang='lat' dir='ltr'><strong>nan-234.</strong></span> 
     </span>
    </p>
   </div>
   <div class='ocr_carea' id='block_1_2' title="bbox 85 338 906 2986">
    <p class='ocr_par' dir='ltr' id='par_1_2' title="bbox 157 338 817 510">
     <span class='ocr_line' id='line_1_2' title="bbox 158 338 817 427; baseline 0.003 -19"><span class='ocrx_word' id='word_1_5' title='bbox 158 354 242 408; x_wconf 88' lang='lat' dir='ltr'><strong>Vobis</strong></span> <span class='ocrx_word' id='word_1_6' title='bbox 255 353 327 406; x_wconf 90' lang='lat' dir='ltr'><strong>ultor</strong></span> <span class='ocrx_word' id='word_1_7' title='bbox 337 370 397 425; x_wconf 87' lang='lat' dir='ltr'><strong>ego,</strong></span> <span class='ocrx_word' id='word_1_8' title='bbox 409 363 445 416; x_wconf 85' lang='lat' dir='ltr'><strong>et,</strong></span> <span class='ocrx_word' id='word_1_9' title='bbox 459 338 572 406; x_wconf 77' lang='lat' dir='ltr'><strong>Sarrano</strong></span> <span class='ocrx_word' id='word_1_10' title='bbox 584 341 686 407; x_wconf 83' lang='lat' dir='ltr'><strong>murice</strong></span> <span class='ocrx_word' id='word_1_11' title='bbox 699 352 817 427; x_wconf 83' lang='lat' dir='ltr'><strong>fulgens,</strong></span> 
     </span>
     <span class='ocr_line' id='line_1_3' title="bbox 157 438 693 510; baseline 0.002 -16"><span class='ocrx_word' id='word_1_12' title='bbox 157 441 272 495; x_wconf 85' lang='lat' dir='ltr'><strong>Inferias</strong></span> <span class='ocrx_word' id='word_1_13' title='bbox 283 441 388 493; x_wconf 85' lang='lat' dir='ltr'><strong>mittam</strong></span> <span class='ocrx_word' id='word_1_14' title='bbox 400 440 465 494; x_wconf 82' lang='lat' dir='ltr'><strong>susis</strong></span> <span class='ocrx_word' id='word_1_15' title='bbox 477 438 585 510; x_wconf 85' lang='lat' dir='ltr'><strong>insignis</strong></span> <span class='ocrx_word' id='word_1_16' title='bbox 597 441 693 506; x_wconf 84' lang='lat' dir='ltr'><strong>Iberis,</strong></span> 
     </span>
    </p>

    <p class='ocr_par' dir='ltr' id='par_1_3' title="bbox 157 518 857 784">
     <span class='ocr_line' id='line_1_4' title="bbox 159 518 782 586; baseline -0.005 0"><span class='ocrx_word' id='word_1_17' title='bbox 159 535 195 586; x_wconf 86' lang='lat' dir='ltr'><strong>Et</strong></span> <span class='ocrx_word' id='word_1_18' title='bbox 206 532 317 586; x_wconf 87' lang='lat' dir='ltr'><strong>tumulis</strong></span> <span class='ocrx_word' id='word_1_19' title='bbox 329 533 424 586; x_wconf 83' lang='lat' dir='ltr'>addam</span> <span class='ocrx_word' id='word_1_20' title='bbox 438 548 525 585; x_wconf 88' lang='lat' dir='ltr'><strong>sacros</strong></span> <span class='ocrx_word' id='word_1_21' title='bbox 538 518 681 584; x_wconf 73' lang='lat' dir='ltr'>certamine</span> <span class='ocrx_word' id='word_1_22' title='bbox 693 530 782 584; x_wconf 90' lang='lat' dir='ltr'><strong>ludos.</strong></span> 
     </span>
     <span class='ocr_line' id='line_1_5' title="bbox 161 619 857 692; baseline 0 -18"><span class='ocrx_word' id='word_1_23' title='bbox 161 621 345 692; x_wconf 89' lang='lat' dir='ltr'><strong>Progreditur,</strong></span> <span class='ocrx_word' id='word_1_24' title='bbox 360 620 508 688; x_wconf 86' lang='lat' dir='ltr'><strong>celeratque</strong></span> <span class='ocrx_word' id='word_1_25' title='bbox 521 619 587 685; x_wconf 88' lang='lat' dir='ltr'><strong>vias,</strong></span> <span class='ocrx_word' id='word_1_26' title='bbox 600 631 627 671; x_wconf 93' lang='lat' dir='ltr'><strong>et</strong></span> <span class='ocrx_word' id='word_1_27' title='bbox 638 620 749 690; x_wconf 86' lang='lat' dir='ltr'><strong>corripit</strong></span> <span class='ocrx_word' id='word_1_28' title='bbox 761 632 857 692; x_wconf 85' lang='lat' dir='ltr'><strong>agmen</strong></span> 
     </span>
     <span class='ocr_line' id='line_1_6' title="bbox 157 707 789 784; baseline -0.005 -21"><span class='ocrx_word' id='word_1_29' title='bbox 157 710 265 764; x_wconf 90' lang='lat' dir='ltr'><strong>Pernici·</strong></span> <span class='ocrx_word' id='word_1_30' title='bbox 276 709 400 784; x_wconf 82' lang='lat' dir='ltr'><strong>rapidum</strong></span> <span class='ocrx_word' id='word_1_31' title='bbox 411 721 500 773; x_wconf 85' lang='lat' dir='ltr'><strong>cursu,</strong></span> <span class='ocrx_word' id='word_1_32' title='bbox 514 725 674 778; x_wconf 89' lang='lat' dir='ltr'><strong>camposque</strong></span> <span class='ocrx_word' id='word_1_33' title='bbox 685 707 789 779; x_wconf 80' lang='lat' dir='ltr'><strong>fatigat.</strong></span> 
     </span>
    </p>

    <p class='ocr_par' dir='ltr' id='par_1_4' title="bbox 157 797 760 866">
     <span class='ocr_line' id='line_1_7' title="bbox 157 797 760 866; baseline -0.002 -17"><span class='ocrx_word' id='word_1_34' title='bbox 157 797 209 862; x_wconf 87' lang='lat' dir='ltr'><strong>Sic,</strong></span> <span class='ocrx_word' id='word_1_35' title='bbox 223 798 269 851; x_wconf 86' lang='lat' dir='ltr'><strong>ubi</strong></span> <span class='ocrx_word' id='word_1_36' title='bbox 281 797 404 866; x_wconf 88' lang='lat' dir='ltr'><strong>prosiluit</strong></span> <span class='ocrx_word' id='word_1_37' title='bbox 417 797 502 849; x_wconf 87' lang='lat' dir='ltr'><strong>Pisaeo</strong></span> <span class='ocrx_word' id='word_1_38' title='bbox 514 811 620 848; x_wconf 88' lang='lat' dir='ltr'><strong>carcere</strong></span> <span class='ocrx_word' id='word_1_39' title='bbox 632 813 760 865; x_wconf 86' lang='lat' dir='ltr'><strong>praeceps,</strong></span> 
     </span>
    </p>

    <p class='ocr_par' dir='ltr' id='par_1_5' title="bbox 155 882 886 1395">
     <span class='ocr_line' id='line_1_8' title="bbox 156 882 886 952; baseline 0.003 -15"><span class='ocrx_word' id='word_1_40' title='bbox 156 886 218 937; x_wconf 91' lang='lat' dir='ltr'><strong>Non</strong></span> <span class='ocrx_word' id='word_1_41' title='bbox 231 884 317 937; x_wconf 88' lang='lat' dir='ltr'><strong>solum</strong></span> <span class='ocrx_word' id='word_1_42' title='bbox 330 893 391 936; x_wconf 88' lang='lat' dir='ltr'><strong>ante</strong></span> <span class='ocrx_word' id='word_1_43' title='bbox 401 882 476 947; x_wconf 88' lang='lat' dir='ltr'><strong>alios,</strong></span> <span class='ocrx_word' id='word_1_44' title='bbox 493 882 620 936; x_wconf 82' lang='lat' dir='ltr'><strong>sedenim</strong></span> <span class='ocrx_word' id='word_1_45' title='bbox 635 883 770 951; x_wconf 86' lang='lat' dir='ltr'><strong>(mirabile</strong></span> <span class='ocrx_word' id='word_1_46' title='bbox 783 885 886 952; x_wconf 79' lang='lat' dir='ltr'><strong>dictul)</strong></span> 
     </span>
     <span class='ocr_line' id='line_1_9' title="bbox 156 972 873 1043; baseline 0.006 -19"><span class='ocrx_word' id='word_1_47' title='bbox 156 975 230 1026; x_wconf 88' lang='lat' dir='ltr'><strong>Ante</strong></span> <span class='ocrx_word' id='word_1_48' title='bbox 243 990 303 1026; x_wconf 90' lang='lat' dir='ltr'><strong>suos</strong></span> <span class='ocrx_word' id='word_1_49' title='bbox 314 974 334 1026; x_wconf 90' lang='lat' dir='ltr'><strong>it</strong></span> <span class='ocrx_word' id='word_1_50' title='bbox 346 972 433 1026; x_wconf 85' lang='lat' dir='ltr'><strong>victor</strong></span> <span class='ocrx_word' id='word_1_51' title='bbox 448 990 533 1043; x_wconf 88' lang='lat' dir='ltr'><strong>equus</strong></span> <span class='ocrx_word' id='word_1_52' title='bbox 540 991 548 1037; x_wconf 67' lang='grc' dir='ltr'><strong><em>ς</em></strong></span> <span class='ocrx_word' id='word_1_53' title='bbox 563 986 727 1042; x_wconf 89' lang='lat' dir='ltr'><strong>currumque</strong></span> <span class='ocrx_word' id='word_1_54' title='bbox 735 989 783 1041; x_wconf 92' lang='lat' dir='ltr'><strong>per</strong></span> <span class='ocrx_word' id='word_1_55' title='bbox 794 991 873 1028; x_wconf 86' lang='lat' dir='ltr'><strong>auras</strong></span> 
     </span>
     <span class='ocr_line' id='line_1_10' title="bbox 157 1060 770 1128; baseline -0.003 -14"><span class='ocrx_word' id='word_1_56' title='bbox 157 1063 238 1114; x_wconf 86' lang='lat' dir='ltr'>Haud</span> <span class='ocrx_word' id='word_1_57' title='bbox 251 1061 299 1115; x_wconf 91' lang='lat' dir='ltr'><strong>ulli</strong></span> <span class='ocrx_word' id='word_1_58' title='bbox 311 1062 409 1114; x_wconf 83' lang='lat' dir='ltr'><strong>durant</strong></span> <span class='ocrx_word' id='word_1_59' title='bbox 421 1061 493 1113; x_wconf 89' lang='lat' dir='ltr'><strong>visus</strong></span> <span class='ocrx_word' id='word_1_60' title='bbox 507 1076 611 1128; x_wconf 76' lang='lat' dir='ltr'><strong>aequare</strong></span> <span class='ocrx_word' id='word_1_61' title='bbox 624 1060 770 1113; x_wconf 86' lang='lat' dir='ltr'><strong>volantem.</strong></span> 
     </span>
     <span class='ocr_line' id='line_1_11' title="bbox 155 1148 885 1223; baseline 0.001 -22"><span class='ocrx_word' id='word_1_62' title='bbox 155 1151 269 1220; x_wconf 87' lang='lat' dir='ltr'><strong>Jamque</strong></span> <span class='ocrx_word' id='word_1_63' title='bbox 282 1148 445 1219; x_wconf 82' lang='lat' dir='ltr'><strong>Hyperionia</strong></span> <span class='ocrx_word' id='word_1_64' title='bbox 456 1149 503 1202; x_wconf 88' lang='lat' dir='ltr'><strong>lux</strong></span> <span class='ocrx_word' id='word_1_65' title='bbox 516 1149 627 1223; x_wconf 74' lang='lat' dir='ltr'><strong>septima</strong></span> <span class='ocrx_word' id='word_1_66' title='bbox 638 1148 760 1219; x_wconf 88' lang='lat' dir='ltr'><strong>lampade</strong></span> <span class='ocrx_word' id='word_1_67' title='bbox 774 1163 885 1221; x_wconf 78' lang='lat' dir='ltr'><strong>surgens</strong></span> 
     </span>
     <span class='ocr_line' id='line_1_12' title="bbox 158 1235 809 1306; baseline -0.003 -16"><span class='ocrx_word' id='word_1_68' title='bbox 158 1238 261 1290; x_wconf 86' lang='lat' dir='ltr'><strong>Sensim</strong></span> <span class='ocrx_word' id='word_1_69' title='bbox 273 1235 533 1306; x_wconf 87' lang='lat' dir='ltr'><strong>attollebatpropius</strong></span> <span class='ocrx_word' id='word_1_70' title='bbox 547 1235 723 1288; x_wconf 84' lang='lat' dir='ltr'><strong>subeuntibus</strong></span> <span class='ocrx_word' id='word_1_71' title='bbox 734 1252 809 1289; x_wconf 88' lang='lat' dir='ltr'><strong>arces</strong></span> 
     </span>
     <span class='ocr_line' id='line_1_13' title="bbox 157 1323 823 1395; baseline -0.003 -16"><span class='ocrx_word' id='word_1_72' title='bbox 157 1327 250 1391; x_wconf 88' lang='lat' dir='ltr'><strong>Urbis,</strong></span> <span class='ocrx_word' id='word_1_73' title='bbox 264 1337 290 1378; x_wconf 92' lang='lat' dir='ltr'><strong>et</strong></span> <span class='ocrx_word' id='word_1_74' title='bbox 303 1326 411 1378; x_wconf 87' lang='lat' dir='ltr'><strong>admoto</strong></span> <span class='ocrx_word' id='word_1_75' title='bbox 423 1325 577 1376; x_wconf 87' lang='lat' dir='ltr'><strong>crescebant</strong></span> <span class='ocrx_word' id='word_1_76' title='bbox 589 1323 706 1376; x_wconf 90' lang='lat' dir='ltr'><strong>culmina</strong></span> <span class='ocrx_word' id='word_1_77' title='bbox 718 1340 823 1395; x_wconf 80' lang='lat' dir='ltr'><strong>gressu.</strong></span> 
     </span>
    </p>

    <p class='ocr_par' dir='ltr' id='par_1_6' title="bbox 157 1410 727 1483">
     <span class='ocr_line' id='line_1_14' title="bbox 157 1410 727 1483; baseline -0.004 -17"><span class='ocrx_word' id='word_1_78' title='bbox 157 1416 201 1466; x_wconf 89' lang='lat' dir='ltr'><strong>Ac</strong></span> <span class='ocrx_word' id='word_1_79' title='bbox 211 1412 306 1483; x_wconf 90' lang='lat' dir='ltr'><strong>pelago</strong></span> <span class='ocrx_word' id='word_1_80' title='bbox 318 1421 410 1464; x_wconf 91' lang='lat' dir='ltr'><strong>vectus</strong></span> <span class='ocrx_word' id='word_1_81' title='bbox 422 1420 526 1464; x_wconf 82' lang='lat' dir='ltr'><strong>servata</strong></span> <span class='ocrx_word' id='word_1_82' title='bbox 539 1410 638 1463; x_wconf 85' lang='lat' dir='ltr'><strong>Laelius</strong></span> <span class='ocrx_word' id='word_1_83' title='bbox 650 1410 727 1476; x_wconf 88' lang='lat' dir='ltr'><strong>hora,</strong></span> 
     </span>
    </p>

    <p class='ocr_par' dir='ltr' id='par_1_7' title="bbox 156 1500 897 1659">
     <span class='ocr_line' id='line_1_15' title="bbox 157 1500 897 1579; baseline -0.001 -22"><span class='ocrx_word' id='word_1_84' title='bbox 157 1510 249 1579; x_wconf 80' lang='lat' dir='ltr'><strong>Qam</strong></span> <span class='ocrx_word' id='word_1_85' title='bbox 260 1504 369 1556; x_wconf 88' lang='lat' dir='ltr'><strong>dederat</strong></span> <span class='ocrx_word' id='word_1_86' title='bbox 381 1503 478 1556; x_wconf 89' lang='lat' dir='ltr'><strong>ductor</strong></span> <span class='ocrx_word' id='word_1_87' title='bbox 490 1500 643 1571; x_wconf 81' lang='lat' dir='ltr'><strong>subigendae</strong></span> <span class='ocrx_word' id='word_1_88' title='bbox 655 1501 689 1554; x_wconf 87' lang='lat' dir='ltr'><strong>ad</strong></span> <span class='ocrx_word' id='word_1_89' title='bbox 701 1502 801 1556; x_wconf 87' lang='lat' dir='ltr'><strong>moenia</strong></span> <span class='ocrx_word' id='word_1_90' title='bbox 812 1501 897 1572; x_wconf 78' lang='lat' dir='ltr'><strong>classi,</strong></span> 
     </span>
     <span class='ocr_line' id='line_1_16' title="bbox 156 1586 706 1659; baseline -0.007 -17"><span class='ocrx_word' id='word_1_91' title='bbox 156 1592 183 1642; x_wconf 87' lang='lat' dir='ltr'>A</span> <span class='ocrx_word' id='word_1_92' title='bbox 198 1600 272 1659; x_wconf 88' lang='lat' dir='ltr'><strong>tergo</strong></span> <span class='ocrx_word' id='word_1_93' title='bbox 284 1589 373 1649; x_wconf 86' lang='lat' dir='ltr'><strong>affusis</strong></span> <span class='ocrx_word' id='word_1_94' title='bbox 384 1588 508 1658; x_wconf 90' lang='lat' dir='ltr'><strong>cingebat</strong></span> <span class='ocrx_word' id='word_1_95' title='bbox 520 1597 589 1639; x_wconf 91' lang='lat' dir='ltr'><strong>tecta</strong></span> <span class='ocrx_word' id='word_1_96' title='bbox 599 1586 706 1640; x_wconf 86' lang='lat' dir='ltr'><strong>carinis.</strong></span> 
     </span>
    </p>

    <p class='ocr_par' dir='ltr' id='par_1_8' title="bbox 155 1674 809 2012">
     <span class='ocr_line' id='line_1_17' title="bbox 156 1674 776 1746; baseline -0.002 -17"><span class='ocrx_word' id='word_1_97' title='bbox 156 1677 307 1746; x_wconf 87' lang='lat' dir='ltr'><strong>Karthago,</strong></span> <span class='ocrx_word' id='word_1_98' title='bbox 321 1677 441 1746; x_wconf 81' lang='lat' dir='ltr'><strong>impenso</strong></span> <span class='ocrx_word' id='word_1_99' title='bbox 454 1685 557 1728; x_wconf 88' lang='lat' dir='ltr'><strong>naturae</strong></span> <span class='ocrx_word' id='word_1_100' title='bbox 570 1676 661 1740; x_wconf 82' lang='lat' dir='ltr'><strong>adjuta</strong></span> <span class='ocrx_word' id='word_1_101' title='bbox 673 1674 776 1741; x_wconf 87' lang='lat' dir='ltr'><strong>favore,</strong></span> 
     </span>
     <span class='ocr_line' id='line_1_18' title="bbox 156 1763 758 1834; baseline -0.007 -17"><span class='ocrx_word' id='word_1_102' title='bbox 156 1765 285 1817; x_wconf 86' lang='lat' dir='ltr'><strong>Excelsos</strong></span> <span class='ocrx_word' id='word_1_103' title='bbox 297 1764 367 1816; x_wconf 89' lang='lat' dir='ltr'><strong>tollit</strong></span> <span class='ocrx_word' id='word_1_104' title='bbox 379 1763 473 1834; x_wconf 84' lang='lat' dir='ltr'><strong>pelago</strong></span> <span class='ocrx_word' id='word_1_105' title='bbox 487 1763 645 1816; x_wconf 85' lang='lat' dir='ltr'><strong>circumflua</strong></span> <span class='ocrx_word' id='word_1_106' title='bbox 656 1776 758 1815; x_wconf 88' lang='lat' dir='ltr'><strong>muros.</strong></span> 
     </span>
     <span class='ocr_line' id='line_1_19' title="bbox 155 1849 809 1921; baseline -0.002 -16"><span class='ocrx_word' id='word_1_107' title='bbox 155 1855 282 1905; x_wconf 88' lang='lat' dir='ltr'><strong>Arctatas</strong></span> <span class='ocrx_word' id='word_1_108' title='bbox 290 1851 366 1921; x_wconf 91' lang='lat' dir='ltr'><strong>ponti</strong></span> <span class='ocrx_word' id='word_1_109' title='bbox 379 1849 467 1904; x_wconf 89' lang='lat' dir='ltr'><strong>fauces</strong></span> <span class='ocrx_word' id='word_1_110' title='bbox 480 1850 584 1903; x_wconf 86' lang='lat' dir='ltr'><strong>modica</strong></span> <span class='ocrx_word' id='word_1_111' title='bbox 595 1850 684 1903; x_wconf 88' lang='lat' dir='ltr'><strong>insula</strong></span> <span class='ocrx_word' id='word_1_112' title='bbox 694 1850 809 1918; x_wconf 78' lang='lat' dir='ltr'><strong>claudit,</strong></span> 
     </span>
     <span class='ocr_line' id='line_1_20' title="bbox 157 1939 695 2012; baseline -0.004 -20"><span class='ocrx_word' id='word_1_113' title='bbox 157 1943 221 2012; x_wconf 81' lang='lat' dir='ltr'><strong>Qa</strong></span> <span class='ocrx_word' id='word_1_114' title='bbox 233 1940 316 1992; x_wconf 83' lang='lat' dir='ltr'><strong>Titan</strong></span> <span class='ocrx_word' id='word_1_115' title='bbox 329 1950 392 1991; x_wconf 88' lang='lat' dir='ltr'><strong>ortu</strong></span> <span class='ocrx_word' id='word_1_116' title='bbox 404 1949 488 1992; x_wconf 86' lang='lat' dir='ltr'><strong>terras</strong></span> <span class='ocrx_word' id='word_1_117' title='bbox 499 1939 615 2008; x_wconf 81' lang='lat' dir='ltr'><strong>aspergit</strong></span> <span class='ocrx_word' id='word_1_118' title='bbox 627 1939 695 1991; x_wconf 92' lang='lat' dir='ltr'><strong>Eoo.</strong></span> 
     </span>
    </p>

    <p class='ocr_par' dir='ltr' id='par_1_9' title="bbox 85 2016 906 2523">
     <span class='ocr_line' id='line_1_21' title="bbox 85 2016 816 2099; baseline -0.001 -17"><span class='ocrx_word' id='word_1_119' title='bbox 85 2016 87 2021; x_wconf 40' lang='lat'>¹</span> <span class='ocrx_word' id='word_1_120' title='bbox 155 2031 196 2082; x_wconf 85' lang='lat' dir='ltr'><strong>At</strong></span> <span class='ocrx_word' id='word_1_121' title='bbox 209 2047 258 2097; x_wconf 95' lang='lat' dir='ltr'><strong>qua</strong></span> <span class='ocrx_word' id='word_1_122' title='bbox 270 2037 421 2099; x_wconf 88' lang='lat' dir='ltr'><strong>prospectat</strong></span> <span class='ocrx_word' id='word_1_123' title='bbox 435 2029 532 2081; x_wconf 87' lang='lat' dir='ltr'><strong>Phoebi</strong></span> <span class='ocrx_word' id='word_1_124' title='bbox 540 2029 608 2098; x_wconf 88' lang='lat' dir='ltr'><strong>juga</strong></span> <span class='ocrx_word' id='word_1_125' title='bbox 620 2045 678 2080; x_wconf 86' lang='lat' dir='ltr'><strong>sera</strong></span> <span class='ocrx_word' id='word_1_126' title='bbox 688 2028 816 2093; x_wconf 80' lang='lat' dir='ltr'><strong>cadentis,</strong></span> 
     </span>
     <span class='ocr_line' id='line_1_22' title="bbox 154 2116 821 2189; baseline -0.003 -18"><span class='ocrx_word' id='word_1_127' title='bbox 154 2119 261 2189; x_wconf 89' lang='lat' dir='ltr'><strong>Pigram</strong></span> <span class='ocrx_word' id='word_1_128' title='bbox 273 2119 300 2171; x_wconf 91' lang='lat' dir='ltr'><strong>in</strong></span> <span class='ocrx_word' id='word_1_129' title='bbox 312 2116 452 2188; x_wconf 89' lang='lat' dir='ltr'><strong>planiciem</strong></span> <span class='ocrx_word' id='word_1_130' title='bbox 466 2127 617 2186; x_wconf 86' lang='lat' dir='ltr'><strong>stagnantes</strong></span> <span class='ocrx_word' id='word_1_131' title='bbox 629 2116 713 2187; x_wconf 86' lang='lat' dir='ltr'><strong>egerit</strong></span> <span class='ocrx_word' id='word_1_132' title='bbox 725 2117 821 2183; x_wconf 86' lang='lat' dir='ltr'><strong>undas,</strong></span> 
     </span>
     <span class='ocr_line' id='line_1_23' title="bbox 156 2204 871 2280; baseline 0.001 -23"><span class='ocrx_word' id='word_1_133' title='bbox 156 2209 231 2280; x_wconf 79' lang='lat' dir='ltr'><strong>Qas</strong></span> <span class='ocrx_word' id='word_1_134' title='bbox 244 2215 322 2275; x_wconf 88' lang='lat' dir='ltr'><strong>auget</strong></span> <span class='ocrx_word' id='word_1_135' title='bbox 335 2204 444 2257; x_wconf 88' lang='lat' dir='ltr'><strong>veniens</strong></span> <span class='ocrx_word' id='word_1_136' title='bbox 456 2205 608 2272; x_wconf 85' lang='lat' dir='ltr'><strong>refluusque</strong></span> <span class='ocrx_word' id='word_1_137' title='bbox 621 2205 768 2273; x_wconf 86' lang='lat' dir='ltr'><strong>reciprocat</strong></span> <span class='ocrx_word' id='word_1_138' title='bbox 779 2213 871 2258; x_wconf 69' lang='lat' dir='ltr'><strong>aestus</strong></span> 
     </span>
     <span class='ocr_line' id='line_1_24' title="bbox 156 2285 825 2366; baseline 0 -19"><span class='ocrx_word' id='word_1_139' title='bbox 156 2285 322 2366; x_wconf 68' lang='lat' dir='ltr'><strong>Sed&#39;gelidas</strong></span> <span class='ocrx_word' id='word_1_140' title='bbox 333 2311 348 2345; x_wconf 88' lang='lat' dir='ltr'><strong>a</strong></span> <span class='ocrx_word' id='word_1_141' title='bbox 361 2293 449 2346; x_wconf 88' lang='lat' dir='ltr'><strong>fronte</strong></span> <span class='ocrx_word' id='word_1_142' title='bbox 462 2295 533 2346; x_wconf 91' lang='lat' dir='ltr'><strong>sedet</strong></span> <span class='ocrx_word' id='word_1_143' title='bbox 546 2293 665 2346; x_wconf 82' lang='lat' dir='ltr'><strong>sublimis</strong></span> <span class='ocrx_word' id='word_1_144' title='bbox 676 2294 710 2345; x_wconf 90' lang='lat' dir='ltr'><strong>ad</strong></span> <span class='ocrx_word' id='word_1_145' title='bbox 723 2295 825 2347; x_wconf 86' lang='lat' dir='ltr'><strong>Arctos</strong></span> 
     </span>
     <span class='ocr_line' id='line_1_25' title="bbox 153 2381 906 2453; baseline 0.003 -18"><span class='ocrx_word' id='word_1_146' title='bbox 153 2384 226 2435; x_wconf 88' lang='lat' dir='ltr'><strong>Urbs</strong></span> <span class='ocrx_word' id='word_1_147' title='bbox 239 2383 353 2451; x_wconf 87' lang='lat' dir='ltr'><strong>imposta</strong></span> <span class='ocrx_word' id='word_1_148' title='bbox 361 2383 438 2452; x_wconf 82' lang='lat' dir='ltr'><strong>jugo,</strong></span> <span class='ocrx_word' id='word_1_149' title='bbox 453 2399 620 2451; x_wconf 86' lang='lat' dir='ltr'><strong>pronumque</strong></span> <span class='ocrx_word' id='word_1_150' title='bbox 633 2381 750 2434; x_wconf 82' lang='lat' dir='ltr'><strong>excurrit</strong></span> <span class='ocrx_word' id='word_1_151' title='bbox 763 2382 791 2436; x_wconf 93' lang='lat' dir='ltr'><strong>in</strong></span> <span class='ocrx_word' id='word_1_152' title='bbox 803 2398 906 2453; x_wconf 81' lang='lat' dir='ltr'><strong>aequor,</strong></span> 
     </span>
     <span class='ocr_line' id='line_1_26' title="bbox 153 2469 721 2523; baseline -0.004 -1"><span class='ocrx_word' id='word_1_153' title='bbox 153 2472 190 2522; x_wconf 87' lang='lat' dir='ltr'><strong>Et</strong></span> <span class='ocrx_word' id='word_1_154' title='bbox 202 2481 260 2523; x_wconf 89' lang='lat' dir='ltr'><strong>tuta</strong></span> <span class='ocrx_word' id='word_1_155' title='bbox 270 2480 369 2522; x_wconf 89' lang='lat' dir='ltr'><strong>aeterno</strong></span> <span class='ocrx_word' id='word_1_156' title='bbox 382 2469 500 2522; x_wconf 88' lang='lat' dir='ltr'><strong>defendit</strong></span> <span class='ocrx_word' id='word_1_157' title='bbox 513 2470 612 2522; x_wconf 87' lang='lat' dir='ltr'><strong>moenia</strong></span> <span class='ocrx_word' id='word_1_158' title='bbox 625 2469 721 2522; x_wconf 87' lang='lat' dir='ltr'><strong>fluctu.</strong></span> 
     </span>
    </p>

    <p class='ocr_par' dir='ltr' id='par_1_10' title="bbox 152 2557 875 2986">
     <span class='ocr_line' id='line_1_27' title="bbox 153 2557 789 2628; baseline -0.002 -18"><span class='ocrx_word' id='word_1_159' title='bbox 153 2557 263 2622; x_wconf 83' lang='lat' dir='ltr'><strong>Audax,</strong></span> <span class='ocrx_word' id='word_1_160' title='bbox 277 2574 326 2610; x_wconf 91' lang='lat' dir='ltr'><strong>ceu</strong></span> <span class='ocrx_word' id='word_1_161' title='bbox 338 2557 418 2627; x_wconf 91' lang='lat' dir='ltr'><strong>plano</strong></span> <span class='ocrx_word' id='word_1_162' title='bbox 429 2558 552 2628; x_wconf 83' lang='lat' dir='ltr'><strong>gradiens</strong></span> <span class='ocrx_word' id='word_1_163' title='bbox 563 2558 682 2611; x_wconf 80' lang='lat' dir='ltr'><strong>victricia</strong></span> <span class='ocrx_word' id='word_1_164' title='bbox 693 2574 789 2628; x_wconf 87' lang='lat' dir='ltr'><strong>campo</strong></span> 
     </span>
     <span class='ocr_line' id='line_1_28' title="bbox 153 2646 819 2719; baseline -0.002 -19"><span class='ocrx_word' id='word_1_165' title='bbox 153 2651 246 2701; x_wconf 86' lang='lat' dir='ltr'><strong>Ferret</strong></span> <span class='ocrx_word' id='word_1_166' title='bbox 259 2648 343 2719; x_wconf 83' lang='lat' dir='ltr'><strong>signa,</strong></span> <span class='ocrx_word' id='word_1_167' title='bbox 354 2649 451 2718; x_wconf 86' lang='lat' dir='ltr'><strong>jugum</strong></span> <span class='ocrx_word' id='word_1_168' title='bbox 464 2649 582 2699; x_wconf 88' lang='lat' dir='ltr'><strong>certabat</strong></span> <span class='ocrx_word' id='word_1_169' title='bbox 595 2648 719 2700; x_wconf 85' lang='lat' dir='ltr'><strong>scandere</strong></span> <span class='ocrx_word' id='word_1_170' title='bbox 732 2646 819 2700; x_wconf 90' lang='lat' dir='ltr'><strong>miles.</strong></span> 
     </span>
     <span class='ocr_line' id='line_1_29' title="bbox 152 2737 875 2808; baseline 0.006 -20"><span class='ocrx_word' id='word_1_171' title='bbox 152 2737 218 2789; x_wconf 84' lang='lat' dir='ltr'><strong>Aris</strong></span> <span class='ocrx_word' id='word_1_172' title='bbox 231 2738 327 2791; x_wconf 89' lang='lat' dir='ltr'><strong>ductor</strong></span> <span class='ocrx_word' id='word_1_173' title='bbox 339 2747 405 2790; x_wconf 79' lang='lat' dir='ltr'><strong>erat.</strong></span> <span class='ocrx_word' id='word_1_174' title='bbox 426 2739 473 2808; x_wconf 92' lang='lat' dir='ltr'><strong>qui</strong></span> <span class='ocrx_word' id='word_1_175' title='bbox 485 2749 587 2802; x_wconf 89' lang='lat' dir='ltr'><strong>contra,</strong></span> <span class='ocrx_word' id='word_1_176' title='bbox 601 2737 742 2807; x_wconf 87' lang='lat' dir='ltr'><strong>amplexus</strong></span> <span class='ocrx_word' id='word_1_177' title='bbox 752 2738 781 2791; x_wconf 91' lang='lat' dir='ltr'><strong>in</strong></span> <span class='ocrx_word' id='word_1_178' title='bbox 793 2740 875 2793; x_wconf 82' lang='lat' dir='ltr'><strong>arctis</strong></span> 
     </span>
     <span class='ocr_line' id='line_1_30' title="bbox 152 2826 873 2896; baseline 0.004 -19"><span class='ocrx_word' id='word_1_179' title='bbox 152 2826 296 2879; x_wconf 82' lang='lat' dir='ltr'><strong>Auxilium</strong></span> <span class='ocrx_word' id='word_1_180' title='bbox 308 2837 386 2894; x_wconf 89' lang='lat' dir='ltr'><strong>atque</strong></span> <span class='ocrx_word' id='word_1_181' title='bbox 395 2827 500 2880; x_wconf 86' lang='lat' dir='ltr'><strong>excelsa</strong></span> <span class='ocrx_word' id='word_1_182' title='bbox 512 2828 572 2891; x_wconf 88' lang='lat' dir='ltr'><strong>loci,</strong></span> <span class='ocrx_word' id='word_1_183' title='bbox 586 2836 761 2896; x_wconf 75' lang='lat' dir='ltr'><strong>praesepserat</strong></span> <span class='ocrx_word' id='word_1_184' title='bbox 772 2843 873 2882; x_wconf 81' lang='lat' dir='ltr'><strong>arcem.</strong></span> 
     </span>
     <span class='ocr_line' id='line_1_31' title="bbox 152 2912 750 2986; baseline 0.007 -22"><span class='ocrx_word' id='word_1_185' title='bbox 152 2912 289 2984; x_wconf 83' lang='lat' dir='ltr'><strong>Pugnabat</strong></span> <span class='ocrx_word' id='word_1_186' title='bbox 302 2924 397 2969; x_wconf 87' lang='lat' dir='ltr'><strong>natura</strong></span> <span class='ocrx_word' id='word_1_187' title='bbox 409 2913 471 2968; x_wconf 87' lang='lat' dir='ltr'><strong>soli:</strong></span> <span class='ocrx_word' id='word_1_188' title='bbox 488 2930 623 2985; x_wconf 83' lang='lat' dir='ltr'><strong>parvoque</strong></span> <span class='ocrx_word' id='word_1_189' title='bbox 636 2927 750 2986; x_wconf 80' lang='lat' dir='ltr'><strong>superne</strong></span> 
     </span>
    </p>
   </div>
   <div class='ocr_carea' id='block_1_3' title="bbox 0 0 1010 3450">
    <p class='ocr_par' dir='ltr' id='par_1_11' title="bbox 0 0 1010 3450">
     <span class='ocr_line' id='line_1_32' title="bbox 0 0 1010 3450; baseline 0 2"><span class='ocrx_word' id='word_1_190' title='bbox 0 0 1010 3450; x_wconf 95' lang='lat' dir='ltr'><strong> </strong></span> 
     </span>
    </p>
   </div>
  </div>
 </body>
</html>
