2010 3450
150 283 208 347 τςᾶ
364 289 453 331 tinet
472 291 526 331 xv.
563 292 592 328 v.
605 291 755 344 505-534⁴

152 403 276 469 Jamque,
288 394 375 450 hieme
386 395 489 458 affecta,
503 395 638 449 mitescere
650 405 768 464 coeperat
779 411 875 450 annus.
957 377 972 454 ,’

154 489 231 551 Inde,
245 488 296 539 iter
306 483 456 555 ingrediens
467 483 593 552 rapidum
604 496 652 554 pet
664 483 766 538 Celtica
779 503 852 550 rura,

154 577 276 630 Miratur
286 572 399 626 domitas
413 571 505 642 Alpes,
518 590 549 625 ac
561 572 653 643 pervia
664 573 762 626 montis

153 664 261 727 Ardua,
274 672 301 714 et
312 661 453 714 Herculeae
465 659 560 730 quaerit
572 661 684 733 vestigia
695 662 805 731 plantae,

146 752 337 819 Germanique
348 750 405 803 vias
416 749 512 803 divinis
524 761 661 821 comparat
672 752 753 805 ausis.

151 845 192 896 Ut
203 858 268 894 vero
281 848 393 892 ventum
404 836 431 889 in
443 837 560 902 culmen,
573 838 717 909 castrisque
730 841 827 894 resedit

152 927 319 990 Hannibalis,
338 928 415 999 Qus
426 925 522 989 Roma,
536 925 632 996 inquit,
647 944 713 997 quos
725 927 814 994 altius,
827 947 886 996 oro,

155 1017 267 1072 Attollit
278 1031 378 1076 muros,
392 1013 438 1082 qui
450 1013 579 1084 posthaec
592 1015 698 1080 moenia,
712 1016 789 1068 fratri

153 1107 233 1160 Victa
243 1121 313 1166 meo,
327 1111 395 1154 stent
407 1100 569 1155 incolumes?
588 1102 627 1154 Sit
638 1102 724 1174 gloria
735 1104 838 1158 dextrae

152 1196 228 1252 Felix
241 1201 313 1246 tanta
325 1204 435 1261 precorz
453 1206 519 1243 neve
530 1207 614 1259 usque
625 1193 659 1244 ad
671 1192 756 1246 sidera
767 1192 855 1247 adisse

152 1282 276 1338 Invideat
288 1279 373 1331 laevus
386 1276 461 1329 nobis
474 1278 557 1330 Deus.
578 1279 695 1347 Agmine
706 1278 778 1332 celso

151 1372 220 1426 Inde
232 1369 327 1429 alacer,
341 1383 393 1433 qua
404 1367 538 1419 munitum
548 1365 659 1419 declivis
671 1367 705 1419 ab
716 1366 772 1421 alto

153 1458 248 1530 Agger
256 1464 386 1509 monstrat
397 1453 456 1517 iter,
471 1454 617 1524 properatis
628 1455 736 1508 devolat
748 1457 839 1511 armis.

145 1536 215 1601 ¹Nou
228 1554 302 1596 tanto
314 1553 448 1610 strepuere
461 1551 534 1594 metu
545 1542 690 1612 primordia
701 1543 779 1596 belli:

151 1637 232 1690 Nunc
243 1632 380 1702 geminum
389 1628 576 1695 Hannibalem,
589 1648 661 1683 nunc
670 1631 772 1696 jactant
785 1632 848 1686 bina
858 1634 929 1688 coire

149 1721 223 1777 'Hinc
235 1730 312 1786 atque
326 1717 388 1771 hinc
399 1728 494 1780 castra,
507 1728 534 1769 et
546 1729 633 1786 pastos
647 1736 694 1788 per
704 1737 832 1790 prospera
842 1723 913 1777 bella

153 1808 285 1878 Sanguine
297 1807 419 1859 ductores
431 1803 501 1857 Italo
513 1807 673 1876 conjungere
685 1809 817 1874 Martem,

152 1898 188 1950 Et
201 1895 337 1965 duplicare
349 1893 433 1957 acies;
447 1904 593 1946 venturum
604 1895 638 1947 ad
650 1897 748 1948 muenia
759 1914 841 1950 cursu

148 1978 264 2038 ‘Hostem
276 1980 415 2051 praecipiti,
432 1989 458 2030 et
468 1979 590 2032 visurum
602 1980 731 2034 haerentia
739 1994 820 2053 porta

153 2071 268 2141 Spicula,
282 2069 386 2122 Elisaeis
397 2086 482 2137 nuper
492 2079 615 2122 contorta
625 2070 740 2124 lacertis.

77 2153 80 2160 ’
152 2160 202 2214 llis
214 2174 294 2225 super
305 2156 457 2210 infrendens
471 2155 506 2209 sic
519 2173 608 2209 secum
621 2150 750 2211 OEnot'ria
761 2159 856 2214 tellus:

152 2251 288 2311 Tantone,
302 2247 354 2298 heu
368 2243 474 2314 Superi!
491 2260 603 2314 spernor
613 2254 748 2299 contemta
759 2245 852 2300 furore
914 2235 917 2242 ’

152 2337 267 2391 Sidoniae
275 2337 371 2408 gentis,
384 2353 445 2405 quae
458 2336 592 2404 quondam
604 2348 708 2408 sceptra
720 2338 860 2393 timentem

149 2418 214 2484 Nati
227 2431 372 2481 Saturnum
384 2426 480 2478 nostris
492 2425 628 2479 considere
641 2427 668 2478 in
678 2426 742 2490 oris,

150 2515 187 2568 Et
197 2531 307 2584 regnare
319 2513 394 2569 dedii
413 2512 525 2565 Decima
536 2513 593 2565 haec
602 2513 659 2578 jam
671 2513 787 2565 vertitur
798 2522 887 2580 aestas,

150 2605 194 2656 Ex
206 2620 260 2672 quo
272 2598 450 2671 proterimur:
465 2600 582 2667 juvenis,
595 2600 637 2654 cui
651 2600 706 2653 sola
717 2613 861 2671 supersunt

148 2689 183 2743 ln
197 2692 312 2759 Superos
321 2687 402 2751 bella,
415 2699 536 2741 extremo
548 2689 581 2741 de
593 2688 671 2741 litore
684 2698 760 2760 rapta

149 2777 245 2831 Intulit
257 2776 416 2841 armamihi,
429 2777 614 2846 temeratisque
623 2776 741 2846 Alpibus
753 2779 861 2835 ardens·

146 2857 183 2915 'In
195 2873 299 2916 nostros
310 2863 446 2916 descendit
457 2881 544 2934 agros.
566 2869 640 2939 Qut
652 2881 768 2934 corpora
778 2866 835 2922 texi

149 2949 298 3019 Caesorum,
312 2949 400 3011 stratis
410 2953 489 3013 toties
501 2952 629 3015 deformis
641 2951 768 3007 alumnis!
