2010 3450
262 265 265 268 ’
289 281 379 321 ttttttt
399 280 469 320 xtrt.
505 283 535 319 v.
552 284 703 336 714-743.·
854 284 902 339 ιος

94 390 168 445 Tum
179 388 232 443 tibi
244 387 374 441 defuncto
385 385 522 439 tumulum
536 386 659 440 Sidonius
672 387 755 441 hostis

96 478 252 543 Constituit,
267 477 428 547 laudemque
440 484 488 527 tuo
500 476 623 546 quaesivit
636 477 747 531 honore.

95 567 221 635 Dumque
233 564 308 619 audit
321 562 462 618 lacrimans
474 562 581 616 hostilia
592 564 686 618 funera
698 565 817 632 Paullus,

95 657 169 708 Ante
181 653 275 708 oculos
285 652 341 716 jam
353 650 510 721 Flaminius,
520 652 577 716 jam
590 652 739 720 Gracchus,
752 664 780 707 et
792 669 865 726 aegro

96 745 249 797 Absumtus
261 739 363 794 Cannis
375 739 461 792 stabat
474 738 602 792 Servilius
613 756 669 793 ore.

96 830 244 902 Appellare
256 828 329 881 viros
341 836 398 880 erat
410 828 500 893 ardor,
514 837 541 880 et
552 827 649 881 addere
661 830 757 884 verba:

96 920 145 972 Sed
154 917 279 990 raptabat
290 934 366 970 amor
378 916 480 988 priscos
492 933 652 986 cognoscere
664 935 764 972 manes.

96 1007 174 1060 Ntmc
187 1004 315 1059 meritum
327 1021 400 1057 saeva
412 1005 529 1055 Brutum
542 1003 691 1058 immortale
703 1006 789 1060 securi

96 1095 211 1159 Nomen,
225 1110 299 1146 nunc
312 1094 428 1162 Superos
442 1103 591 1162 aequantem
604 1093 682 1146 laude
695 1094 851 1161 Camillum,

97 1182 175 1236 Nunc
187 1199 255 1236 auro
267 1181 383 1234 Curium
394 1198 449 1233 non
460 1198 579 1250 unquam
590 1182 675 1235 cernit
685 1183 812 1238 amicum.

98 1272 152 1325 Ora
164 1271 269 1341 Sibylla
280 1271 357 1323 docet
369 1269 536 1335 venientum,
549 1281 576 1323 et
588 1271 695 1325 nomina
706 1272 809 1343 pandit.

98 1359 147 1414 llic
159 1357 269 1412 fraudes
282 1358 353 1427 pacis
366 1357 553 1427 Pyrrhumque
564 1377 579 1411 a
591 1358 682 1412 limine
694 1369 781 1429 portae

99 1446 214 1514 checit,
228 1438 302 1498 visus
313 1446 406 1498 orbus.
426 1445 505 1499 Tulit
520 1446 565 1498 ille
577 1458 700 1501 ruentem

93 1533 246 1605 ¹Thybridis
259 1534 286 1586 in
298 1533 369 1603 ripas
380 1549 480 1603 regem,
494 1534 620 1606 solusque
632 1535 741 1588 revulso

82 1628 86 1634 '
99 1621 170 1677 Pone
181 1623 260 1676 ferox
272 1630 354 1691 ponte
365 1621 480 1675 exclusit
492 1623 631 1677 redeuntia
642 1640 733 1693 regna.

100 1709 124 1763 si
133 1711 184 1764 tibi
195 1709 275 1763 dulce
286 1709 386 1774 virum,
400 1709 487 1779 primo
501 1711 545 1778 qui
557 1710 661 1764 foedera
670 1710 743 1764 bello

99 1796 258 1853 Pltoenicum
271 1797 380 1868 pepigit,
393 1798 507 1864 vidisse;
529 1799 572 1853 hic
584 1801 691 1854 inclitus
702 1801 749 1854 ille

100 1888 247 1960 AEqrtoreis
256 1888 343 1940 victor
354 1905 416 1941 cum
428 1888 511 1941 classe
524 1889 647 1942 Lutatius
658 1889 748 1944 armis.

100 1979 124 2033 Si
137 1979 258 2032 studium
269 1987 296 2030 et
308 1994 407 2030 saevam
418 1994 579 2048 cognoscere
591 1977 749 2031 Hamilcaris
763 1978 902 2046 umbram3

99 2066 151 2120 Illa
161 2077 212 2133 est,
229 2069 321 2135 (cerne
330 2065 438 2137 procul)
453 2066 495 2120 cui
508 2066 583 2121 frons
594 2084 643 2120 nec
654 2077 739 2120 morte
751 2066 861 2122 remissa

100 2153 206 2207 Irarum
219 2162 308 2206 servat
320 2154 431 2207 rabiem.
449 2153 472 2206 si
480 2155 594 2226 jungere
606 2155 680 2209 cordi
692 2167 732 2210 est

101 2242 291 2314 Colloquium;
311 2242 377 2306 sine,
389 2253 497 2313 gustato
508 2245 553 2296 det
566 2246 693 2316 sanguine
702 2263 807 2300 vocem.

102 2333 192 2400 Atque
205 2331 253 2383 ubi
265 2330 434 2401 permissum,
448 2343 474 2384 et
487 2332 575 2386 sitiens
585 2351 613 2387 se
624 2333 747 2405 implevit
757 2335 855 2407 imago,

103 2419 143 2473 Sic
153 2419 228 2490 prior
240 2418 382 2489 increpitat
394 2437 447 2473 non
459 2420 517 2473 miti
526 2421 614 2493 Scipio
625 2422 718 2475 vultu:

101 2508 221 2572 Taliane,
232 2527 252 2581 o
265 2508 391 2562 fraudum
403 2510 518 2580 genitor,
532 2520 593 2563 sunt
606 2512 706 2565 foedera
716 2511 809 2565 vobis?

102 2596 158 2649 Aut
170 2596 229 2649 haec
242 2595 345 2649 Sicania
356 2596 477 2667 pepigisti
489 2609 582 2667 captus
597 2599 625 2651 in
636 2606 698 2652 orat

102 2672 174 2738 Bella
185 2696 250 2739 tuus
260 2694 317 2737 toto
329 2696 407 2738 natus
416 2698 511 2741 contra
521 2688 611 2741 omnia
622 2699 698 2757 pacta

102 2770 219 2827 Exercet.
228 2772 315 2836 Latio,
329 2784 365 2838 et,
379 2775 514 2846 perruptis
527 2776 651 2841 molibus,
665 2776 750 2847 Alpes

104 2859 242 2915 Eluctatus
253 2861 338 2925 adest,
349 2861 434 2916 fervet
445 2881 510 2934 gens
522 2864 591 2917 ltala
602 2865 695 2917 Marte

105 2946 254 3020 Barbarico,
266 2960 294 3005 et
306 2950 426 3007 refluunt
436 2952 568 3008 obstructi
577 2953 711 3026 stragibus
721 2969 821 3009 amnes.
897 2997 901 3003 .
