2010 3450
421 304 529 345 noris.
825 302 872 351 261
897 292 899 298 '

106 415 149 473 84.
166 419 204 475 at,
223 425 278 461 non
296 419 319 461 et
332 409 425 464 Barth.
439 423 466 464 et
482 410 518 465 sic
531 409 623 464 Heius.
643 412 772 483 probante
785 415 873 480 Drak.

68 498 165 553 -Let
181 499 232 551 sed.

104 594 147 657 89.
169 588 275 659 intexta]
294 587 356 640 Put.
378 589 486 643 intecta.
514 589 599 660 Vulg.
613 592 715 646 intarta.
734 592 796 646 vide
810 592 872 646 Liv.

67 676 163 728 XXX.
180 694 205 741 3.

105 789 137 822 10
139 787 165 836 5.
185 768 288 840 albenti]
307 769 404 838 Scripti
423 787 487 823 cum
498 771 593 840 Pomp.
607 735 661 823 Ed.
674 769 711 827 cf.
725 770 801 841 Virg.
814 770 871 822 lli.

66 877 129 927 573.
150 859 259 911 Petron.
275 876 362 927 poem.
375 859 408 910 de
417 858 480 911 bell.
494 859 671 931 civ.—Vulg.
684 861 791 913 ardenti.

104 950 164 999 126.
188 947 267 1018 aava]
291 965 358 1004 vana
382 945 456 998 libri.
481 966 543 1000 sana
563 949 648 1001 Drak.
695 950 746 1001 Sed
770 947 871 1018 optime
983 989 986 994 .

66 1036 161 1088 Heius.
176 1054 252 1099 nava,
266 1051 348 1104 quam
359 1050 454 1110 vocem
466 1034 614 1102 plurimum
625 1048 696 1088 amat
709 1035 800 1088 Silius.

103 1143 162 1192 ¹³9·
178 1121 401 1194 uanumquafugoe]
412 1121 454 1173 Sic
467 1122 521 1173 duo
534 1122 646 1193 antiqui.
661 1123 727 1176 utin
739 1124 816 1194 Virg.
830 1124 866 1176 X.

65 1215 126 1277 631.
147 1213 203 1264 veri
217 1229 294 1263 vana.
316 1207 405 1262 ethic
421 1207 501 1261 infra.
523 1210 732 1283 notassugaram.
767 1214 836 1280 Qae
855 1228 871 1262 a

65 1298 171 1353 Graecis
183 1298 336 1369 repetenda.
374 1295 445 1349 Aliis
460 1295 574 1364 antiquis
586 1316 701 1369 unamque
712 1298 755 1351 vel
766 1318 867 1356 vanam-

29 1438 32 1443 .
62 1387 217 1460 praesagam.
240 1385 328 1456 (Les.)

100 1493 160 1542 141.
182 1476 298 1548 Opiuor,

269 1565 515 1635 -mana'caqae
525 1563 690 1636 (pudendum)

132 1655 227 1708 Addita
239 1654 291 1729 ὃς.

61 1742 143 1813 que'm
154 1741 281 1813 loquendi
293 1743 404 1795 modum
419 1741 538 1811 impense
550 1741 648 1813 diligit,
666 1759 696 1795 ac
709 1742 867 1798 familiarem

59 1834 143 1888 habet
152 1831 240 1884 Silius.
252 1832 300 1900 (N.
318 1830 427 1896 Heins.)
441 1831 526 1900 Vulg.
537 1833 678 1903 manicaeque
685 1833 800 1902 pudenda
813 1833 864 1886 &a

60 1924 164 1991 Dausq.
178 1922 320 1991 manicasque
335 1920 463 1992 pudenda.
476 1919 539 1972 vide
555 1921 605 1975 IV.
620 1937 681 1988 57³·
714 1920 790 1975 Infra
803 1926 864 1988 276.

58 2017 161 2075 et485.

94 2086 163 2164 265.
175 2097 211 2168 ei]
230 2098 372 2166 Sequimur
383 2097 612 2168 vulgat.·-Drak.
637 2098 698 2154 Lef.
716 2115 779 2153 cum
793 2098 863 2153 Cod.

58 2188 122 2241 Put.
136 2195 163 2238 et
175 2186 228 2238 Ed.
245 2185 340 2256 Pomp.
354 2187 405 2239 abi.
884 2209 888 2221 .

93 2294 155 2344 292.
177 2273 241 2326 Post
253 2274 326 2326 hunc
341 2291 450 2328 versum
463 2274 585 2330 lacunam
598 2285 753 2346 supponunt
767 2276 861 2328 Barth.

55 2375 85 2418 et
96 2363 190 2416 Heins.
205 2363 232 2415 in
246 2380 307 2430 qua,
321 2361 443 2428 forsitan,
455 2374 515 2434 post
528 2366 650 2419 sedatum
660 2382 743 2429 mare,
757 2365 861 2418 Hanni-

55 2452 125 2506 balis
145 2451 172 2503 in
192 2451 316 2504 Africam
334 2452 491 2518 adventum,
512 2463 571 2507 tum
589 2455 647 2520 ejus
663 2471 725 2508 cum
740 2454 862 2524 Scipione

54 2539 223 2608 colloquium
242 2539 362 2592 narravit
380 2539 468 2593 Silius.
507 2542 584 2595 idem
603 2542 682 2596 sentit
701 2541 788 2594 Drak.
807 2559 862 2594 non

54 2627 200 2692 hincvero‚
210 2627 255 2680 sed
266 2628 354 2680 statim
361 2637 422 2697 post
430 2637 614 2699 tempestatem
621 2628 723 2700 aliquid
733 2628 861 2681 excidisse

53 2725 187 2771 autumat.
213 2715 273 2769 Ises.
289 2727 391 2782 contra,
412 2717 479 2770 nihil
491 2719 581 2772 deesse
594 2719 717 2784 affirmat,
735 2716 861 2788 quoniam

53 2821 110 2859 non
123 2803 215 2866 scribit
228 2805 384 2859 itinerariam
399 2804 444 2858 vel
456 2806 563 2859 diarium
575 2806 668 2859 Poeta.

89 2910 152 2959 329·
172 2909 232 2961 quas
243 2893 312 2964 juga
337 2892 469 2962 calcantes]
495 2891 610 2963 Elegans
630 2892 796 2962 hyperbaton
814 2890 861 2953 hic

51 2978 173 3052 neglexit
195 2980 282 3034 Drak.
319 2981 401 3035 Certe
421 2979 521 3051 legitur
539 2998 599 3052 quas
619 2979 647 3040 iu
666 2979 700 3040 C·
721 2980 784 3043 l’ut.
805 2979 860 3044 Ed.
