2010 3450
299 261 389 304 arara
408 261 489 303 xrrr.
527 267 556 303 v.
570 253 717 319 538-568.
865 273 913 321 213

106 367 144 421 Et
151 366 218 434 iacit
228 366 371 421 adversam
380 368 516 438 properati
527 370 642 424 turbinis
654 371 767 424 hastam.

107 455 163 510 Dat
174 465 260 525 terga,
272 465 309 520 et,
321 473 416 525 campo
428 455 542 528 fugiens,
555 458 629 511 volat
640 457 695 512 ales
705 461 803 530 imago,

106 542 304 614 Tramittitque
314 544 392 598 acies.
412 545 486 597 Tum
498 560 574 610 vero,
587 556 618 598 ut
629 545 726 612 victor,
739 557 766 600 et
777 545 824 600 alti

105 631 167 697 Jam
175 647 287 702 compos
298 631 365 696 voti,
379 629 477 684 ferrata
488 631 560 685 calce
570 642 693 687 cruentat

105 719 300 790 Cornipedem,
313 729 340 772 et
351 719 439 790 largas
451 719 551 772 Poenus
562 720 647 789 quatit
657 739 734 793 asper
744 721 870 779 habenas,

105 812 171 885 Qu
182 808 264 879 fugis,
277 808 378 862 oblitus
390 809 486 861 nostris
498 819 524 861 te
534 810 628 863 cedere
639 811 743 883 regnis?

104 896 190 952 Nulla
200 895 250 949 tibi
263 895 364 964 Libyca
374 894 476 947 latebra
487 905 536 959 est,
549 912 566 948 o
578 896 675 966 Scipio,
688 908 769 953 terra.

102 990 170 1043 Haec
181 987 229 1053 ait,
242 996 270 1040 et
281 985 373 1040 stricto
385 986 505 1054 sequitur
517 1002 644 1041 mucrone
656 988 802 1043 volantem.

103 1078 199 1132 Donec
211 1075 358 1148 longinquo
370 1075 529 1128 frustratum
541 1074 619 1126 duxit
632 1075 659 1126 in
670 1091 735 1128 arva

103 1165 218 1220 Diversa
231 1163 315 1234 spatio
324 1163 418 1234 procul
430 1179 446 1215 a
456 1161 600 1215 certamine
612 1179 721 1233 pugnae.

101 1253 179 1308 Tum
190 1253 274 1307 fallax
287 1252 377 1306 subito
388 1248 559 1304 simulacrum
569 1249 597 1301 in
610 1248 702 1302 nubila
712 1249 800 1304 cessit.

102 1340 260 1395 Fulmineus
271 1338 377 1404 ductor,
392 1334 524 1409 Qisnam
533 1352 560 1388 se
572 1335 679 1389 narmine
690 1353 762 1391 caeco

102 1426 264 1499 Composuit
275 1425 361 1491 nobis,
374 1424 472 1494 inquit,
487 1424 577 1477 Deus?
597 1434 643 1477 aut
655 1424 718 1477 latet
730 1424 802 1479 idem

100 1515 160 1571 Cur
170 1523 309 1570 monstro?
329 1522 469 1568 tantumne
481 1512 568 1566 obstat
576 1529 636 1567 mea
645 1513 731 1584 gloria
742 1514 836 1568 Divis?

101 1605 154 1659 Sed
166 1621 221 1658 non
233 1603 334 1657 avelles
346 1618 476 1673 unquam,
490 1600 641 1671 quicunque
653 1603 785 1657 secundus

101 1695 267 1752 Coelicolilm
280 1706 333 1748 stas
345 1694 484 1759 Ausoniae,
498 1709 551 1746 non
563 1693 666 1747 artibus
677 1694 782 1747 hostem

99 1783 205 1854 Eripies
217 1799 314 1837 verum
326 1780 411 1834 nobis.
432 1782 519 1834 Frena
530 1780 592 1833 inde
602 1781 676 1835 citati

98 1871 243 1926 Convertit
255 1869 418 1924 furibundus
430 1867 502 1938 equi,
515 1885 692 1939 campumque
704 1871 821 1941 petebat,

97 1957 171 2013 Cum
181 1957 271 2012 subito
281 1956 394 2011 occultae
405 1955 485 2027 pestis
497 1955 615 2026 collapsa
625 1965 741 2011 tremore

97 2045 259 2118 Cornipedis
270 2045 356 2099 moles
367 2044 431 2108 ruit,
444 2053 523 2112 atque
533 2044 630 2097 efflavit
641 2044 738 2098 anhelo

97 2132 220 2196 Pectore,
233 2119 347 2200 Junonis
358 2131 441 2196 curis,
454 2130 481 2183 in
494 2129 587 2183 nubila
599 2130 693 2184 vitam.

96 2223 173 2276 Tum
184 2237 251 2274 vero
263 2219 413 2291 impatiens,
427 2220 521 2271 Vestra
532 2229 572 2271 est
584 2218 643 2272 haec
654 2217 747 2285 altera,
761 2231 851 2275 vestra

96 2309 191 2374 Fraus,
204 2307 300 2376 inquit,
314 2307 424 2377 Superi:
439 2323 492 2358 non
504 2305 607 2359 fallitis.
626 2322 735 2376 aequore
748 2324 867 2364 mersum

94 2396 242 2451 Texissent
255 2394 367 2466 scopuli,
380 2393 544 2465 pelagusque
554 2393 682 2447 hausisset
693 2403 720 2448 et
733 2395 822 2449 undae.

94 2485 177 2538 Anne
189 2482 254 2537 huic
267 2483 395 2536 servabar
407 2481 462 2535 fato
473 2490 481 2534 l
498 2498 558 2534 mea
567 2482 644 2552 signa
655 2482 749 2546 secuti,

93 2571 166 2648 Qis
178 2588 278 2642 pugnae
288 2569 434 2641 auspicium
441 2569 573 2635 dedimus,
582 2571 740 2635 caeduntur,
751 2579 779 2623 et
791 2570 886 2626 absens

88 2660 208 2734 Accipio
220 2658 335 2731 gemitus
345 2675 477 2727 vocesque
488 2667 515 2711 et
526 2658 610 2711 verba
620 2667 766 2711 uocantum

90 2747 283 2804 Hannibalem.
304 2747 373 2821 Qis
385 2756 475 2800 nostra
488 2745 548 2799 sati's
560 2745 656 2799 delicta
668 2745 753 2815 piabit

89 2835 242 2892 Tartareus
253 2842 375 2888 torrens?
396 2834 481 2888 Simul
492 2835 551 2888 haec
561 2833 701 2898 fundebat,
714 2843 742 2887 et
752 2851 806 2890 una

91 2923 237 2994 Spectabat
248 2921 383 2987 dextram,
397 2938 428 2976 ac
439 2921 487 2974 leti
500 2920 621 2974 fervebat
632 2935 733 2976 amore.

89 3011 166 3068 Tum
178 3013 265 3082 Juno,
277 3009 401 3066 misemta
412 3009 513 3079 virum,
526 3010 640 3082 pastoris
651 3009 679 3066 in
690 3026 738 3066 ora
