2010 3450
130 252 162 301 82
342 257 432 299 nrnsn
451 258 521 299 1111.
557 257 587 296 v.
600 258 712 310 25-54·

131 362 250 434 Exiguos
261 361 358 417 format
370 379 419 433 per
428 361 515 432 prima
524 361 663 416 volumina
673 379 764 433 gyros,

130 454 211 517 Mox,
224 452 371 506 tremulum
383 451 492 505 vibrans
504 461 578 504 motu
590 449 716 523 gliscente
728 450 871 520 liquorem,

129 539 295 612 Multiplicat
306 534 415 594 crebro's
427 537 523 592 sinuati
534 537 647 610 gurgitis
658 537 751 605 orbes;

131 627 224 682 Donec
237 639 371 698 postremo
382 626 479 680 laxatis
491 625 606 682 circulus
615 625 669 678 oris

132 716 276 786 Contingat
287 715 404 786 geminas
415 713 509 786 patulo
521 712 675 767 curvamine
687 713 768 783 ripas.

131 803 172 856 At
181 813 274 856 contra
286 801 429 873 Argyripae
441 816 555 872 pravum
566 800 656 865 decus,
670 801 774 871 (inclita
785 819 900 876 namque

131 891 237 944 Semina
248 891 281 944 ab
292 891 383 945 OEnea
393 888 512 944 ductoris
524 888 605 958 stirpe
617 889 739 943 trahebat

132 978 235 1046 AEtoli)
248 978 330 1033 Dasio
342 978 393 1033 fuit
405 977 477 1031 baud
488 975 607 1048 ignobile
617 993 725 1043 nomen,

131 1066 222 1120 Laetus
232 1084 324 1137 opum,
337 1067 383 1121 sed
394 1065 489 1119 clauda
500 1063 575 1129 fides,
589 1079 695 1132 seseque
706 1065 803 1120 calenti

132 1152 282 1207 Addiderat
294 1153 387 1219 Poeno,
400 1151 484 1206 Latiae
495 1151 594 1206 diffisus
606 1152 726 1207 habenae.

131 1244 169 1306 Is,
183 1241 294 1294 volvens
305 1251 427 1294 veterum
439 1249 584 1294 memorata
595 1240 707 1312 antiqua
717 1253 872 1312 parentum,

134 1329 237 1400 Longo,
247 1327 332 1395 miles,
346 1328 391 1392 ait,
404 1339 525 1400 quateret
536 1344 599 1382 cum
610 1329 728 1383 Teucria
738 1329 812 1384 bello

133 1406 271 1486 Pergama,
283 1417 355 1478 etad
366 1433 457 1471 muros
469 1425 550 1470 staret
562 1415 618 1469 sine
629 1417 758 1488 sangiune
768 1419 897 1490 Mavors,

134 1504 256 1560 Sollicitis
270 1505 382 1561 Calchas
395 1509 470 1576 (nam
482 1505 519 1560 sic
529 1505 691 1576 fortissimus
701 1507 780 1561 heros

135 1593 257 1648 Poscenti
268 1610 360 1648 socero
371 1610 440 1665 saepe
451 1596 522 1648 inter
532 1595 630 1667 pocula
641 1596 741 1649 Dauno

133 1683 265 1737 Narrabat
277 1683 389 1737 memori
400 1683 543 1737 Diomedes
554 1683 661 1737 condita
673 1686 776 1752 mente)

135 1771 187 1825 Sed
199 1769 312 1825 Calchas
322 1770 432 1836 Danais,
445 1769 494 1823 nisi
506 1769 627 1823 clausum
638 1787 654 1823 e
667 1771 773 1826 sedibus
783 1774 853 1828 arcis

135 1859 287 1915 Armisonae
300 1870 392 1914 curent
405 1859 575 1914 simulacrum
587 1860 702 1914 avellere
715 1861 809 1928 Divae,

134 1949 197 2002 Non
209 1964 326 2016 unquam
336 1948 450 2003 affirmat
461 1947 639 2017 Therapnaeis
652 1948 722 2002 llion
734 1951 816 2005 armis

136 2036 291 2102 Cessurum,
303 2047 349 2091 aut
361 2036 441 2091 Ledae
453 2035 602 2090 rediturum
614 2053 710 2090 nomen
722 2039 863 2109 Amyclas.

136 2128 244 2200 Qippe
256 2125 320 2180 Deis
333 2126 429 2191 visum,
441 2124 531 2179 necui
542 2141 716 2198 perrumpere
727 2129 817 2194 detur,

135 2215 243 2286 Effigies
255 2232 287 2270 ea
297 2230 364 2285 quas
375 2231 492 2283 unquam
505 2215 659 2284 possederit,
673 2216 763 2271 urbes.
814 2284 817 2292 Ι

135 2306 163 2358 T
165 2321 211 2357 um
222 2303 434 2368 meus-adjuncto
445 2314 620 2357 monstratam
630 2305 714 2358 evasit
724 2307 753 2359 in
764 2324 854 2362 arcem

136 2390 256 2461 Tydides
267 2389 369 2454 Ithaco,
382 2400 420 2455 et,
433 2389 528 2443 dextra
541 2390 651 2445 molitus
662 2390 690 2444 in
701 2391 760 2461 ipso

137 2479 269 2532 Custodes
279 2479 352 2532 aditu
363 2478 466 2549 templi,
480 2478 587 2533 coeleste
599 2489 717 2550 reportat

137 2565 294 2632 Palladium,
304 2585 335 2621 ac
347 2567 445 2621 nostris
457 2568 542 2639 aperit
552 2568 624 2623 mala
635 2569 764 2640 Pergama
776 2570 847 2626 latis.

137 2654 188 2707 Sed
200 2665 340 2726 postquam
352 2656 479 2711 OEnotris
490 2655 613 2710 fundavit
623 2656 721 2712 finibus
733 2659 840 2726 urbem,

137 2742 225 2811 AEger
235 2742 334 2808 delicti,
347 2743 494 2815 Phrygium
506 2744 610 2815 placare
621 2746 733 2800 colendo

136 2830 254 2895 Numen,
266 2840 292 2884 et
304 2831 398 2886 Iliacos
410 2843 486 2904 parat
496 2849 610 2887 exorare
622 2836 743 2890 Penates.

131 2918 237 2990 ‘ingens
245 2920 302 2987 jam
314 2921 445 2993 templum
454 2919 524 2976 celsa
536 2925 662 2992 surgebat
672 2924 701 2978 in
713 2941 784 2993 arce,
