2010 3450
278 276 390 329 ‚unu
405 277 473 317 xvr.
508 275 537 315 v.
551 265 699 330 ⁶54-683·
854 283 901 337 ¹9¹

98 386 193 457 Atque
203 383 276 438 idern
287 383 331 437 hic
343 393 417 437 vates
428 382 569 436 temeraria
580 391 669 452 coepta
679 381 800 437 canebat.

100 473 152 528 Dis
163 482 253 546 grates
266 471 425 539 laudemque
438 469 506 534 sero,
519 470 569 523 sub
580 469 689 523 numine
701 486 820 539 quorum

99 567 176 619 Gens
188 562 312 628 Trojano
324 577 425 614 sumus.
445 560 516 612 Puer
528 559 584 623 ille,
597 568 624 612 et
637 557 722 611 futilis
732 568 806 623 aetas,

99 650 280 718 Imbellesque
291 649 363 713 anni,
377 647 493 702 necdum
504 657 626 700 maturus
636 648 671 700 ad
683 665 758 701 arma

99 737 197 808 Scipio,
211 735 327 789 restituit
340 745 424 788 terras
436 733 535 787 illaesus
547 733 640 787 iberas

98 824 280 896 Troiugenis:
297 822 401 894 pepulit
414 820 520 885 Poenos,
535 821 649 892 solisque
661 831 768 876 secutus

98 909 243 964 Extremas
254 908 288 962 ad
301 908 415 962 Atlanta
426 908 492 971 vias,
505 907 594 977 exegit
606 908 640 960 ab
650 908 717 961 orbe

98 997 232 1069 Hesperio
242 1014 340 1050 nomen
353 997 456 1066 Libyae,
469 1012 518 1048 nec
531 996 623 1049 retulit
633 1007 694 1050 ante

100 1085 180 1156 Signa
192 1084 371 1154 prius,·quam
383 1083 517 1137 fumantes
527 1083 599 1138 circa
611 1102 719 1152 aequora
730 1083 798 1139 vidit

99 1174 224 1228 Romano
236 1173 370 1226 Phoebum
382 1172 530 1226 solventem
543 1171 622 1226 litore
632 1190 738 1227 currus.

100 1263 226 1317 Adscivit
237 1279 313 1333 reges
324 1261 405 1314 idem.
426 1279 497 1315 nunc
509 1260 620 1314 ultimus
629 1262 694 1316 actis

100 1350 196 1404 Restat
208 1350 349 1421 Karthago
361 1349 459 1402 nostris
469 1349 555 1402 labor.
575 1350 626 1403 boc
636 1361 708 1402 sator
720 1350 772 1404 aevi

99 1440 205 1510 Jupiter
214 1439 307 1492 aeterni
317 1448 418 1491 monet.
438 1437 582 1491 Hannibali
593 1455 654 1492 ecce
665 1449 786 1493 senectus

101 1529 236 1592 intremit,
249 1537 297 1582 aut
309 1545 397 1599 aegros
408 1528 515 1581 simulat
528 1528 639 1580 mentita
648 1528 768 1594 timores,

100 1619 140 1673 Ne
151 1617 235 1670 finem
246 1616 333 1687 longis
345 1616 453 1670 tandem
464 1616 597 1686 peperisse
613 1615 696 1669 ruinis

101 1705 138 1758 sit
150 1702 360 1758 noster‘titulus.
380 1713 450 1759 certe
458 1704 516 1769 jam
527 1703 639 1755 dextera
650 1701 728 1756 nobis

100 1792 231 1863 Experta,
244 1802 270 1845 et
281 1792 367 1846 robur
379 1791 538 1845 florentibus
548 1790 672 1844 auximus
682 1790 767 1844 annis.

99 1881 140 1935 Ne
152 1897 220 1934 vero
232 1880 360 1935 fabricate
371 1897 477 1945 moras3
499 1880 546 1932 sed
556 1895 664 1933 currere
675 1891 775 1934 sortem

101 1973 177 2025 Hanc
189 1969 265 2024 sinite
276 1968 311 2022 ad
323 1979 447 2022 veterum
459 1967 571 2022 delenda
581 1968 726 2038 opprobria
735 1968 855 2036 cladum,

102 2061 191 2132 Qam
203 2056 269 2111 mihi
281 2073 422 2110 servavere
435 2056 497 2110 Dei.
518 2057 562 2108 Sat
574 2054 659 2125 gloria
669 2067 747 2110 cauto

101 2148 163 2200 Non
176 2146 247 2200 vinci
260 2144 372 2216 pulchra
384 2155 424 2196 est
438 2143 529 2207 Fabio,
543 2145 700 2214 peperitque
713 2146 827 2199 sedendo

102 2235 200 2287 Omnia
210 2245 352 2288 cunctator
363 2233 453 2286 nobis:
474 2250 521 2287 nec
534 2234 629 2304 Mago,
644 2250 691 2288 nec
705 2237 831 2302 Hannon,

101 2323 159 2376 Nec
170 2322 292 2391 Gisgone
304 2331 386 2386 satus,
400 2337 448 2374 nec
462 2319 622 2384 Hamilcare,
635 2331 710 2392 terga
721 2323 846 2388 dedisset,

102 2409 128 2462 Si
139 2426 233 2480 segnes
245 2409 335 2463 clauso
347 2410 514 2463 traheremus
526 2409 623 2478 proelia
634 2411 715 2464 vallo.

103 2497 262 2550 Sidoniusne
274 2515 351 2568 puer,
365 2497 412 2550 vix
424 2498 584 2568 pubescente
593 2498 717 2564 juventa,

102 2585 251 2639 laurentes
263 2586 351 2655 potuit
363 2585 477 2656 populos
489 2596 515 2639 et
527 2586 613 2640 Troia
624 2587 697 2642 adire

101 2675 218 2739 Moenia‚
233 2675 431 2744 flaventemque
443 2692 517 2728 sacro
529 2691 593 2728 cum
604 2676 710 2748 gurgite
721 2676 855 2747 Thybrim
861 2683 877 2728 l.

102 2763 138 2816 Et
150 2764 238 2834 potuit
250 2763 358 2816 Latium
367 2763 449 2833 longo
461 2764 600 2832 depascere
610 2763 700 2815 bello?

102 2852 159 2904 Nos
168 2852 262 2921 Libyae
274 2851 352 2905 terris
364 2851 512 2904 tramittere
525 2851 598 2922 signa
610 2851 727 2922 pigebit?

103 2935 139 2991 Et
150 2937 249 3007 Tyrias
260 2938 360 3009 agitare
373 2939 483 2993 demost
502 2942 600 2994 Secura
611 2941 707 3010 pericli
