2010 3450
100 253 151 292 raa
294 253 387 294 arara
404 248 481 307 .¹¹V··
504 251 537 290 v..-
550 252 698 306 aoy-2342

100 357 216 424 Entella,
229 360 363 415 Hectoreo
374 356 503 412 dilectum
514 374 612 411 nomen
623 359 744 413 Acestae.

101 451 163 503 Non
176 448 309 520 Thapsos,
322 466 376 501 non
388 463 403 500 e
414 445 526 500 tumulis
535 445 692 517 glacialibus
703 448 787 501 Actae

103 538 269 592 Defuerunt:
285 537 409 610 Agyrina
418 554 520 601 manus,
533 534 694 607 geminoque
706 534 814 589 Iacone

101 625 237 695 Tyndaris
248 625 372 679 attollens
384 640 439 678 sese
451 625 543 678 adluit.
563 622 646 676 Altor
657 639 790 693 equorum

102 713 183 768 Mille
194 715 263 784 rapit
275 723 401 778 turmam,
413 723 493 781 atque
504 711 652 765 hinnitibus
663 727 725 765 aera
736 712 868 776 flammat,

101 798 263 853 Pulveream
274 798 386 852 volvens
398 801 523 869 Agragas
534 798 568 852 ad
580 795 669 851 inania
680 797 792 850 nubem.

103 890 209 942 Ductor
221 889 365 960 Grosphus
375 897 441 953 erat,
455 888 531 954 cujus
543 886 637 941 caelata
647 885 758 958 gerebat

101 979 227 1031 Taurum
239 994 332 1047 pamia
341 987 455 1040 trucem,
468 992 555 1046 poena
567 985 743 1029 monumenta
751 981 877 1030 vetusta.
889 1032 893 1045 ¹

102 1067 164 1132 Ille,
177 1067 225 1121 ubi
237 1077 351 1121 torreret
362 1064 488 1133 subjectis
500 1082 613 1135 corpora
625 1064 749 1131 flammis,

103 1156 231 1210 Mutabat
241 1155 355 1227 gemitus
367 1154 527 1226 mugitibus:
546 1163 656 1224 actaque
668 1169 746 1207 veras

103 1244 221 1298 Credere
230 1253 288 1297 erat
297 1243 407 1298 stabulis
417 1251 538 1297 armenta
548 1242 686 1295 effundere
696 1257 788 1295 voces.

104 1333 184 1386 Haud
197 1333 305 1403 impune
317 1332 439 1402 quidem:
458 1347 520 1384 nant
531 1330 597 1384 dirae
607 1328 731 1383 conditor
741 1328 808 1383 artie

104 1421 166 1490 lpse
178 1436 227 1473 suo
239 1418 354 1472 moriens
365 1418 490 1489 immugit
502 1417 592 1472 flebile
603 1428 690 1471 tauro.

104 1509 194 1573 Venit,
208 1509 241 1562 ah
252 1525 330 1562 amne
341 1509 448 1562 trahens
459 1525 566 1573 nomen,
581 1506 665 1572 Gela,
683 1506 760 1562 venit
771 1507 887 1576 Halaesa,

104 1597 150 1660 Et,
165 1596 209 1665 qui
221 1596 345 1665 praesenti
357 1597 489 1651 domitant
500 1597 618 1666 perjura,
630 1594 722 1661 Palici,

105 1684 217 1738 Pectora
228 1684 372 1755 supplici03
387 1684 560 1755 Trojanaque
571 1685 646 1738 venit
661 1686 780 1752 Acesta;

106 1773 214 1846 Qique
225 1789 274 1843 per
284 1773 407 1825 AEtnaeos
419 1772 485 1826 Acis
493 1773 564 1842 petit
575 1789 685 1843 aequora
695 1773 773 1838 fines,

107 1864 143 1916 Et
155 1861 228 1916 dulci
240 1873 344 1933 gratam
355 1861 470 1916 Nereida
481 1859 580 1930 perluit
591 1862 673 1915 unda.

106 1951 235 2005 AEmulus
248 1950 294 2004 ille
305 1960 353 2003 tuo
362 1949 508 2020 quondam,
522 1949 695 2021 Polypheme,
709 1949 804 2017 calori,

106 2040 182 2092 Dum
194 2038 263 2109 fugit
275 2049 407 2108 agrestem
417 2037 529 2091 violenti
536 2039 655 2108 pectoris
665 2039 744 2103 iram,

106 2129 140 2179 In
153 2138 245 2179 tenues
257 2124 416 2193 liquefactus
426 2142 507 2192 aquas
518 2125 602 2178 evasit
613 2134 640 2178 et
650 2125 768 2190 hostem,

106 2217 142 2269 Et
154 2215 206 2292 tibi
215 2213 363 2288 victricem,
377 2213 498 2278 Galatea,
511 2213 654 2268 immiscuit
665 2214 778 2268 undam.

105 2307 217 2359 Necnon
225 2305 272 2374 qui
284 2313 376 2375 potant
389 2305 560 2373 Hypsamque
572 2301 737 2373 Alabimque
746 2319 867 2372 sonoros,

106 2395 143 2447 Et
154 2393 335 2465 perlucentem
348 2391 496 2463 splendenti
508 2390 615 2462 gurgite
628 2390 770 2444 Achaten:

108 2483 164 2558 Qi
176 2482 270 2547 fontes,
282 2498 350 2552 vage
362 2481 475 2550 Chrysa,
489 2490 559 2544 tuos,
571 2491 599 2533 et
611 2480 735 2551 pauperis
746 2479 819 2535 alvei
833 2508 839 2514 ·

107 2571 248 2642 Hipparin,
262 2586 293 2622 ac
304 2567 409 2621 facilem
421 2568 540 2638 superari
551 2567 658 2638 gurgite
669 2583 752 2637 parco

108 2656 271 2727 Pantagiam,
285 2654 423 2725 rapidique
433 2653 526 2708 colunt
538 2654 606 2708 vada
615 2655 685 2708 flava
697 2655 837 2725 Symaethi·

108 2743 199 2796 Litora
210 2741 400 2805 Thermarum,
414 2741 501 2812 prisca
511 2742 601 2795 dotata
613 2742 741 2808 Camena,

107 2831 258 2882 Armavere
269 2843 340 2892 suos,
352 2845 405 2898 qua
416 2829 546 2899 mergitur
555 2828 666 2883 Himera
677 2838 761 2902 ponto

106 2914 210 2972 AEolio.
229 2930 292 2977 nam
303 2914 425 2985 dividuas
436 2933 464 2970 se
477 2915 572 2970 scindit
583 2915 610 2971 in
621 2933 697 2986 oras5
