2010 3450
455 273 563 316 norit.
852 274 900 310 m
944 246 946 250 Α

98 419 113 427 --
130 403 193 456 437.
219 383 317 457 vnum]
346 382 463 454 Vulgare
483 381 585 451 legitur
605 377 721 448 dioscuri„
751 377 786 429 In
810 375 902 428 Oxon.

97 491 160 530 cum
172 472 247 526 Edit.
261 471 339 524 Med.
353 480 381 522 et
393 470 483 522 Parm.
502 467 608 520 Hostem
628 463 722 517 Heius.
741 461 833 526 Oeen,
851 478 901 514 no·

97 578 161 616 men
173 561 323 631 Hispanum
339 559 374 612 ab
392 559 463 612 Osca
473 554 592 610 colonia:
613 564 695 623 quem
707 549 791 604 secuti
799 565 901 604 sumus.

102 649 192 704 Drak.
206 647 303 700 retinet
314 646 411 699 Hostum
422 660 520 697 nomen
532 643 696 695 Romanum.

134 741 198 802 5⁶1.
213 734 300 806 pum]
318 735 351 786 In
360 732 429 786 Cod.
437 730 498 784 Col.
506 740 578 800 puer.
592 725 903 798 Sequimurrulg.-Iae·

101 823 157 878 feb.
172 823 238 894 legit

168 910 233 963 Heite
239 919 311 980 puer,
325 908 491 978 invalidusque
500 922 579 969 senex,
593 901 824 972 de'ncsetne'naferre

135 1003 170 1066 56
171 1016 198 1065 5.
218 997 340 1068 virosque]
350 994 419 1048 Dele
429 1009 458 1044 ro
468 1011 522 1064 que.

137 1090 198 1151 ⁶15.
217 1084 335 1156 indigna]
347 1082 441 1134 Error.
461 1095 560 1151 repone
568 1080 667 1151 indiga.

138 1183 202 1242 ⁶48.
222 1177 263 1248 at]
282 1192 416 1247 παροραμα
428 1173 659 1245 typographicum.
681 1173 740 1245 lege
751 1193 794 1228 an.

135 1271 198 1333 ⁶71.
219 1274 339 1335 vesterque
355 1262 433 1334 leani]
453 1261 539 1315 Drak.
564 1271 592 1315 et
609 1261 685 1332 vulg.
702 1274 822 1334 vesterque
838 1264 902 1317 luet.

103 1352 198 1410 Leieb.
218 1367 282 1404 cum
303 1349 407 1421 scriptis
425 1349 536 1417 aiiquot,
560 1359 681 1420 nosterque
700 1351 754 1402 luat
772 1367 827 1414 sua,
850 1350 903 1403 dec.

102 1440 182 1495 bene.
213 1437 310 1493 Scribit
325 1437 418 1491 Heius.
431 1448 551 1510 vesterque
566 1439 632 1492 tuan
647 1456 700 1503 cer,
721 1438 797 1491 etsie
809 1423 906 1491 excudi

102 1545 241 1596 jussimus.

415 1686 531 1740 LIBER
549 1687 590 1738 11.

138 1811 168 1848 v.
182 1811 227 1859 5²·
247 1792 339 1863 Vulgo
355 1793 452 1863 imperet
468 1803 595 1857 oeterrrm
617 1791 663 1845 sed
680 1790 794 1846 feliciter
809 1792 904 1848 Heins.

105 1894 216 1938 etenum
238 1883 364 1952 imperitet,
387 1880 536 1951 evestigiis
556 1879 645 1933 Codd.
668 1880 730 1933 Col.
750 1890 777 1933 et
800 1880 855 1933 Ox.
879 1881 908 1935 in

106 1971 205 2039 quibus
219 1981 331 2024 aternum
344 1970 440 2039 imperet
452 1980 485 2021 et.
505 1970 560 2022 Nec
577 1968 752 2021 adversantur
765 1969 906 2023 Drakenb.

107 2071 135 2115 et
153 2059 249 2114 Lefeb.
269 2060 374 2113 Deinde
392 2057 456 2112 tolle
472 2075 501 2108 το
517 2069 539 2111 et
555 2060 627 2127 quod
639 2076 779 2131 perperam
790 2061 818 2114 in
830 2071 908 2116 textu

112 2159 204 2204 nostro
216 2157 312 2213 exstat,
326 2156 353 2200 et
365 2147 525 2216 interpunge
537 2155 597 2216 post
605 2149 713 2217 populos.

141 2241 187 2307 ⁶9·
212 2235 367 2306 dependeret]
385 2234 472 2288 Locus
492 2245 637 2303 corruptus
654 2234 681 2286 in
699 2251 751 2302 quo
773 2235 911 2294 haerebant

110 2326 285 2400 Interpretes3
304 2323 414 2394 vulgat.
430 2333 577 2376 assueverat·
604 2324 637 2375 In
651 2323 738 2377 Codd.
753 2341 833 2378 manu
845 2344 910 2381 exa-

111 2412 175 2469 ratis
202 2411 350 2481 defenderat.
375 2409 468 2463 Heins.
491 2419 611 2481 exegerat.
637 2411 731 2464 Burin.
755 2413 911 2482 impenderat.

114 2500 184 2556 Rem
207 2517 257 2554 acu
270 2499 357 2570 tetigit
374 2499 468 2553 Lefeb.
494 2498 653 2569 corrigendo
671 2500 822 2571 dependeret.
844 2503 913 2556 Vide

114 2589 264 2652 Lucanum,
275 2589 312 2640 X.
324 2594 367 2640 80.

148 2684 192 2744 78.
217 2676 289 2747 nodo]
313 2674 409 2745 Scripti
431 2676 500 2728 deno.
526 2690 615 2746 nugae.
642 2675 754 2746 Optimo
775 2692 853 2731 sensu
873 2679 911 2733 D.

115 2763 243 2822 Heinsius
255 2763 282 2815 in
299 2762 450 2833 crepundiis
467 2761 546 2815 offert
557 2763 624 2816 nodo.
644 2763 769 2834 frequens
781 2765 915 2821 nodorum

114 2850 141 2903 in
162 2850 283 2905 crinibus
303 2849 403 2903 mentio
426 2851 499 2921 apud
516 2851 620 2906 Poenas.
651 2851 861 2923 Adstipulautur
876 2856 913 2908 N.

115 2944 208 3002 Heius.
223 2943 311 2996 Drak.
324 2953 352 2997 et
364 2943 424 2996 Les.
