2010 3450
97 264 148 303 aro
301 259 392 302 um
410 258 491 305 xvlt.
526 260 557 298 v.
568 261 720 313 usa-475.

101 372 177 440 Qus
188 366 235 420 ubi
248 365 378 420 nudantes
387 363 528 434 conspexit
540 362 691 417 Hamilcare
702 371 793 419 cretus

100 456 192 526 Terga
203 455 285 525 fuga,
298 455 381 518 State,
394 471 425 508 ac
434 462 553 529 nostrum
564 468 598 505 ne
608 450 716 521 prodite
725 461 850 523 gentem,

102 539 259 593 vociferans
271 539 354 604 subit,
367 548 394 593 et
407 538 541 593 convertit
552 536 647 608 proelia
658 538 765 597 dextra

104 628 199 700 Qalie
211 628 237 681 in
252 627 372 687 aestiferis
385 629 583 685 Garamantum
596 625 651 683 feta
661 642 768 687 veneno
798 682 803 687 .

102 717 214 769 Attollit
226 716 325 787 campie
336 715 451 771 ferventi
464 725 555 786 pastus
565 731 647 767 arena

103 804 182 857 Colla
193 803 376 859 Paraethouius
389 819 505 874 serpens,
518 802 624 872 lateque
635 817 686 872 per
695 819 778 863 auras

103 893 256 946 Undantem
268 901 375 963 torquet
385 890 549 962 perfundens
559 889 651 944 nubila
661 891 765 945 tabem

104 980 240 1033 Continuo
250 980 347 1035 infesta
358 988 508 1050 portantem
518 977 628 1049 cuspide
640 977 744 1033 vulnus

103 1069 220 1138 Impedit
231 1068 385 1123 antevolans
397 1067 525 1127 lleriums
545 1065 590 1120 cui
602 1065 692 1139 nobile
702 1084 802 1129 nomen
838 1118 841 1123 ,

103 1155 261 1209 Marrucina
273 1156 378 1220 domus,
391 1153 546 1222 clarumque
558 1155 644 1209 Teate
657 1153 772 1211 serebat.

102 1243 196 1313 Atque
207 1243 247 1297 illi
259 1260 387 1313 magnum
398 1241 502 1307 nitenti,
515 1251 542 1295 et
554 1241 678 1299 laudibus
689 1243 778 1298 hostis,

106 1334 234 1397 Arrecto‚
247 1332 335 1404 capuli
347 1331 382 1384 ad
394 1331 475 1407 finem
486 1347 580 1385 manus
592 1328 674 1385 incita
686 1330 764 1391 sedit.

107 1424 305 1499 Qaerebatque
317 1423 396 1476 miser
407 1420 531 1479 morienti
543 1419 645 1477 lumine
656 1421 779 1487 fratrem,

105 1511 177 1565 Cum
185 1510 295 1577 juvenis
305 1509 385 1572 subit,
398 1519 434 1572 et,
448 1507 503 1562 leto
514 1507 665 1569 stimulatus
675 1509 786 1574 acerbo,

106 1599 251 1652 Pleminius
264 1615 366 1651 saevum
378 1613 535 1655 mucronem
547 1606 609 1649 ante
620 1613 668 1649 ora
679 1607 814 1664 coruscat,

106 1690 149 1740 Ac
161 1686 271 1740 fratrem
283 1702 380 1756 magno
392 1684 515 1739 minitans
527 1683 643 1737 clamore
655 1685 796 1753 reposcit..
880 1712 884 1719 ·

104 1775 174 1828 Huic
186 1775 274 1844 proles
287 1776 390 1828 Barcae:
407 1775 575 1827 Germanum
586 1771 832 1848 reddereAverno

106 1863 132 1914 Si
145 1862 241 1932 placet,
255 1863 327 1916 haud
339 1878 433 1915 renuo.
454 1870 577 1915 maneant
588 1861 669 1926 modo
681 1860 786 1916 foedera
795 1865 896 1927 nostra,¹

105 1950 302 2004 Hasdrubalem
314 1949 432 2004 revocari
444 1949 557 2004 umbris.
572 1950 669 2020 Egone
681 1967 774 2020 aspera
786 1969 879 2022 ponam

108 2039 234 2107 Unquam
247 2037 274 2089 in
287 2038 425 2092 Romanos
437 2039 514 2092 odiat
533 2049 579 2093 sut
589 2056 774 2095 mansuescere
783 2042 862 2097 corda

107 2127 204 2179 Nostra
218 2126 319 2179 sinam?
339 2143 500 2197 parcamque
510 2127 579 2192 viro,
593 2145 674 2198 quem
685 2138 760 2183 terra
769 2128 863 2185 crebuit

105 2213 189 2266 Itala?
209 2222 269 2266 tum
280 2230 370 2266 manes
382 2214 504 2269 inimicus
515 2215 576 2269 sede
588 2215 700 2286 repellat

106 2303 231 2365 AEterna‚
245 2301 366 2369 socioque
378 2302 467 2372 abigat
478 2320 521 2357 me
534 2303 617 2357 frater
629 2307 755 2362 Averno.

106 2389 148 2444 Sic
160 2389 206 2454 ait,
220 2400 246 2442 et
258 2388 336 2459 clipei
349 2390 509 2459 propulsum
520 2394 636 2461 pondere
648 2403 717 2460 toto,

105 2479 221 2531 Lubrica
232 2494 285 2548 qua
296 2477 376 2530 tellus
385 2478 511 2548 lapsantis
524 2481 651 2552 sanguine
664 2481 756 2538 fratris

104 2567 223 2621 Fallebat
235 2567 317 2630 nisus,
330 2567 484 2637 prosternit,
498 2579 525 2622 et
537 2580 650 2639 occupat
661 2586 735 2626 ense.

102 2654 232 2707 Extendit
243 2653 333 2707 labens
345 2655 454 2725 palmas,
469 2657 635 2728 Heriumque
644 2659 780 2724 jacentem

101 2743 263 2812 Amplexus,
274 2744 368 2809 juncta
377 2743 469 2798 lenivit
480 2755 567 2799 morte
578 2746 696 2799 dolores.

102 2831 178 2883 Turn
191 2830 272 2899 Libys
284 2831 385 2885 invadit
397 2833 488 2888 mixtae
500 2834 645 2888 certamina
653 2835 753 2903 turbae,

102 2915 296 2987 convertitque
308 2935 388 2971 ruens
399 2937 448 2990 per
456 2921 567 2999 lpngum
578 2922 686 2992 hostilia
697 2935 787 2996 terga:

100 3004 138 3057 Ut
149 3019 211 3059 cum
223 3004 380 3062 fulminibus
393 3009 527 3078 permixta
539 3010 658 3067 tonitrua
669 3015 802 3069 mundum
