2010 3450
292 272 382 320 ttutn
393 223 434 316 ῚΙι.
458 277 499 322 r.
513 277 678 334 295-324.·
848 285 879 335 13

76 378 193 434 Letifero
203 377 300 435 cedens
311 375 429 446 tandem,
443 383 614 454 projectaque
625 399 724 454 corpus

76 469 213 524 Luctatur·
221 469 311 535 morti,
322 480 349 522 et
360 469 531 541 languentem
543 473 635 540 pandit
646 472 753 527 hiatum

77 557 109 609 ln
121 573 205 610 vanos
217 573 332 621 morsus,
346 573 394 610 nec
406 557 594 611 sufficientibus
607 560 655 612 irae

77 643 210 707 Rictibus,
225 652 346 696 extrema
357 642 452 696 lambit
464 645 599 699 venabula
609 646 711 717 lingua.

77 733 191 804 Jamque
202 731 354 786 coruscanti
365 733 459 797 telum,
471 734 634 804 propiusque
645 735 741 788 ferenti

78 820 210 873 Gressum
221 818 409 883 exsultantem,
420 828 448 871 et
459 835 553 872 securo
564 820 644 873 caedis
653 823 733 876 Iertae

36 924 39 930 ’
78 905 141 961 Non
153 917 337 976 exspectatum
348 922 459 976 surgens
469 907 598 961 defixerat
608 925 708 974 ensem,

79 995 272 1065 Sidoniumque
284 995 381 1048 ducem
392 995 640 1067 circumspectabat,
653 997 680 1049 in
694 997 741 1052 illa

63 1081 65 1084 ’
78 1081 216 1152 Exoptans
227 1081 344 1134 animam
355 1082 494 1136 cedentem
505 1099 604 1154 ponere
617 1083 722 1138 dextra.

80 1170 132 1224 Sed
143 1168 233 1222 vicere
244 1167 335 1221 virum
343 1169 501 1222 coeuntibus
513 1170 631 1238 undique
643 1171 702 1225 telis
790 1196 793 1200 ⁴

79 1256 116 1309 Et
122 1259 233 1320 Nomas,
242 1266 269 1308 et
281 1257 423 1322 Garamas,
431 1269 458 1310 et
471 1257 557 1323 Celta,
567 1268 594 1311 et
603 1259 728 1325 Maurus,
736 1269 763 1314 et
774 1261 871 1334 Astur.
930 1299 932 1304 -

80 1342 134 1398 Hic
145 1343 205 1396 finis
217 1343 320 1398 Paullo.
337 1346 408 1411 jacet
419 1345 506 1398 altum
517 1355 610 1416 pectus
621 1357 648 1400 et
659 1347 752 1418 ingens

80 1432 209 1496 Dextera,
222 1448 303 1502 quem
317 1432 381 1502 (soli
394 1431 413 1485 si
426 1432 497 1486 bella
507 1434 629 1504 agitanda
639 1435 782 1501 darentur)

79 1521 213 1588 AEquares
224 1518 315 1574 forsan
327 1520 420 1574 Fabio.
441 1521 520 1584 Mors
531 1522 641 1576 additur
652 1524 722 1577 Urbi

72 1608 199 1662 Pulchra
210 1608 300 1673 decen,
312 1608 437 1679 misitque
448 1608 500 1662 viri
512 1609 582 1663 inter
595 1610 681 1664 sidera
692 1628 801 1665 nomen.

81 1697 225 1766 Postquam
236 1714 295 1768 spes
308 1695 408 1750 ltaldm
419 1708 573 1765 mentesque
585 1697 612 1750 in
626 1697 745 1751 Consule
756 1697 849 1772 lapsae,

84 1786 141 1839 Ceu
154 1796 265 1840 truncus
277 1785 381 1856 capitis,
395 1785 472 1839 soevis
483 1785 617 1838 exercitus
629 1784 710 1838 armis

83 1873 226 1938 Sternitur,
238 1883 265 1926 et
276 1873 373 1926 victrix
386 1882 443 1925 toto
456 1872 545 1925 fremit
558 1871 653 1925 Africa
664 1887 769 1941 campo.
831 1940 834 1947 Δ

83 1960 136 2015 lllc
149 1960 289 2014 Picentum
300 1959 378 2023 acies,
391 1958 437 2012 hlc
448 1960 552 2012 Umber
564 1958 692 2023 Martius,
706 1956 763 2011 illic

84 2049 176 2102 Sicana
187 2046 340 2119 procumbit
353 2048 448 2118 pubes,
462 2046 508 2100 htc
520 2047 636 2100 Hernica
645 2056 744 2100 turma.

82 2135 182 2190 Passim
192 2136 267 2206 signa
276 2137 374 2201 jacent,
389 2151 448 2203 quae
460 2133 563 2186 Samnis
576 2132 699 2205 belliger,
711 2143 738 2185 et
749 2150 810 2204 quae
879 2185 881 2189 .

83 2225 213 2277 Sarrastes
225 2222 328 2293 populi,
342 2222 495 2290 Marsaeque
507 2220 593 2274 tulere
604 2220 741 2287 cohortes;

83 2312 111 2363 T
113 2310 221 2364 ransfini
232 2309 320 2381 clipei,
333 2308 479 2380 galeaque,
491 2318 518 2361 et
530 2309 623 2362 inutile
634 2309 759 2373 ferrum,¹
856 2339 857 2342 =

82 2402 228 2469 Fractaque
240 2399 367 2453 conflictu
378 2415 530 2468 parmarum
541 2397 667 2469 tegmina,
680 2407 707 2449 et
720 2413 767 2450 ore

85 2485 271 2556 Comipedum
276 2485 387 2555 derepta
398 2484 457 2537 fero
469 2485 618 2555 spumantia
628 2483 714 2537 frena.

85 2573 249 2644 Sanguineus
261 2571 376 2625 tumidas
387 2572 414 2625 in
423 2588 531 2641 campos
543 2571 660 2625 Aufidus
672 2569 757 2624 undas

85 2661 198 2727 Ejectat,
212 2660 352 2729 redditque
365 2660 457 2713 furens
470 2677 516 2713 sua
527 2677 640 2730 corpora
652 2658 726 2728 ripis.

86 2748 126 2802 Sic
139 2750 227 2822 Lagea
236 2748 311 2813 ratis,
324 2756 400 2800 vasto
411 2747 487 2801 velut
495 2747 583 2800 insula
593 2757 678 2816 ponto

85 2837 243 2910 Conspecta,
256 2834 330 2890 illisit
341 2835 456 2907 scopulis
468 2835 514 2889 ubi
523 2834 632 2887 nubifer
643 2834 745 2901 Eurus,

83 2925 261 3000 Naufragium
273 2941 398 2998 spargens
409 2922 496 2996 operit
509 2922 588 2994 freta.
600 2925 713 2996 Jamque
722 2924 878 3006 pe'rttndaa¹¹
