2010 3450
154 297 188 357 58
358 298 448 343 btttstt
469 301 526 341 κη.
563 303 592 341 v.
607 302 753 358 145-174.

153 406 268 462 Torreri
280 406 332 462 late
343 422 462 478 campos,
476 405 633 475 quotiesque
644 406 783 462 minantur

153 496 293 567 Rumpere
303 512 460 567 compagem
471 495 632 566 impositam,
645 496 826 565 expallescere
838 497 950 556 coeltttu.

153 587 278 658 Apparet
290 585 423 656 Prochyte
435 601 539 639 saevum
550 584 643 639 sortita
654 585 806 641 Mimantae

153 677 278 745 Apparet
288 673 382 747 procul
394 674 520 739 Inarime,
534 692 594 744 qua
607 673 715 728 turbine
725 674 803 746 nigro

154 764 313 818 Fumantem
324 763 422 835 premit
434 766 568 835 Iapetum,
583 763 757 836 flammasque
772 763 866 818 rebelli

153 853 209 904 Ore
220 853 388 919 ejactantem,
404 861 442 917 et,
456 852 475 904 si
488 851 597 922 quando
607 852 722 906 evadere
733 853 823 918 detur,

154 940 231 995 Bella
239 941 302 1008 Jovi
314 938 407 994 rursus
421 939 581 1011 Superisque
593 941 689 996 iterare
698 941 845 996 volentem.

152 1028 348 1090 Monstramur
358 1027 475 1082 Vesvina
482 1028 559 1100 juga,
572 1038 654 1099 atque
663 1029 692 1083 in
704 1029 804 1085 vertice
816 1040 925 1085 summo

152 1117 265 1190 Depasti
276 1118 391 1174 flammis
402 1117 515 1188 scopuli,
529 1128 681 1190 stratusque
693 1119 772 1174 ruina

151 1206 239 1262 Mons
251 1207 364 1275 circum,
376 1216 456 1276 atque
469 1207 563 1260 AEtnae
575 1207 636 1262 satis
646 1207 777 1263 certantia
787 1224 864 1263 saxa.

150 1294 263 1349 Necnon
278 1294 418 1348 Misenum
429 1303 581 1348 servantem
594 1294 667 1348 Idaea
678 1294 803 1365 sepulcro

150 1382 277 1447 Nomina,
290 1393 316 1435 et
330 1382 476 1437 Herculeos
484 1382 559 1436 videt
568 1382 629 1456 ipso
639 1382 667 1437 in
680 1382 759 1439 litore
773 1383 896 1448 Baulos„

149 1467 271 1524 Miratur
282 1469 422 1541 pelagique
434 1469 518 1523 minas
530 1480 664 1540 terraeque
675 1468 791 1523 labores.

151 1562 222 1630 Qae
233 1568 377 1630 postquam
388 1570 528 1631 perspecta
538 1559 608 1625 viro,
623 1559 801 1632 regressusad
811 1559 880 1615 altos

149 1647 218 1701 Inde
231 1647 431 1719 Pherecyadum
443 1665 545 1713 muros,
559 1647 711 1702 frondentia
721 1648 785 1702 laetu
934 1643 938 1649 ’

149 1734 263 1791 Palmite
274 1736 394 1790 devastat
406 1740 502 1808 Nysaea
513 1737 652 1792 cacumina
664 1737 762 1792 Gauri.
777 1752 781 1761 ·

150 1828 222 1883 Hinc
233 1831 268 1884 ad
282 1828 464 1883 Chalcidicam
477 1829 603 1887 transfert
616 1829 685 1883 citus
696 1828 804 1902 agmina
815 1829 925 1885 Nolam.

149 1916 254 1987 Campo
266 1917 338 1973 Nola
349 1919 432 1983 sedet,
445 1919 547 1972 crebris
559 1919 723 1973 circumdata
734 1919 762 1972 in
775 1917 871 1973 orbem

148 2003 297 2071 Turribus,
310 2016 338 2059 et
348 2006 420 2060 celso
433 2005 538 2060 facilem
550 2016 657 2060 tutatur
668 2006 736 2060 adiri

148 2089 290 2148 Planitiem
300 2093 388 2148 vallo:
401 2094 456 2159 sed,
471 2093 515 2162 qui
527 2110 580 2148 non
592 2095 712 2149 turribus
722 2112 798 2150 arma

149 2178 325 2233 Defendenda
335 2181 421 2246 daret,
433 2197 530 2234 verum
541 2179 613 2234 ultro
624 2180 724 2235 moenia
735 2182 832 2236 dextra

145 2266 314 2340 Protegeret‚
327 2269 476 2324 Marcellus
488 2287 567 2340 opem
578 2269 762 2341 auxiliumque
774 2270 889 2325 serebat.

147 2358 230 2429 Isque
241 2356 289 2411 ubi
301 2359 473 2430 Agenoream
484 2358 578 2427 procul
591 2359 737 2412 adventare
747 2375 796 2429 per
808 2377 912 2430 aequor,

148 2444 184 2498 Et
197 2444 262 2505 ferri
272 2447 307 2500 ad
319 2462 412 2500 muros
424 2447 525 2500 nubem
535 2445 627 2512 videt,
650 2449 747 2511 Arma,
759 2458 890 2502 cruentus

147 2534 240 2588 Hostis
251 2520 334 2600 adest,
346 2533 433 2603 capite
445 2551 530 2598 arma,
544 2533 609 2599 viri,
623 2533 782 2605 clamatque,
796 2535 930 2606 capitque.

147 2623 330 2677 Circumstant
342 2623 428 2694 rapidi
437 2623 560 2689 juvenes,
573 2633 719 2694 aptantque
731 2621 860 2678 frementi

147 2710 309 2782 Sanguineas
321 2712 354 2765 de
367 2728 441 2765 more
451 2711 548 2777 jubas:
564 2722 640 2765 sonat
652 2710 723 2776 iude,
736 2710 820 2767 citato

146 2799 265 2870 Agmina
277 2799 419 2870 disponens
431 2816 520 2869 passu,
534 2800 582 2854 Tu
593 2799 686 2854 limina
697 2800 802 2854 dextrae
893 2800 896 2810 '

147 2888 272 2942 servabis
284 2899 379 2960 portae,
392 2891 482 2943 Nero:
497 2900 528 2943 tu
539 2899 665 2944 converte
679 2890 803 2945 cohortes

145 2975 193 3030 Ad
205 2975 302 3031 laevam
314 2976 412 3050 patrias
420 2987 452 3037 et
465 2977 601 3034 Larinatia
612 2977 697 3050 signa,
