2010 3450
138 271 187 323 126
336 277 428 325 atara
445 276 513 317 xiv·
548 276 580 322 v,-
592 268 740 351 385-414.

138 384 280 441 Terribilis
292 384 353 439 visu
365 381 471 454 puppis,
486 397 538 449 qua
548 379 623 434 nulla
634 397 682 450 per
693 396 775 434 omne

137 475 251 545 Egressa
261 483 301 526 est
313 470 423 540 Libycis
433 469 519 536 major
530 468 671 523 navalibus
683 484 783 523 aevum.

90 547 98 567 '
137 564 208 616 Nam
220 571 312 630 quater
324 559 381 615 haec
392 567 503 611 centum
515 575 658 611 nunteroso
670 557 772 629 remige
783 567 900 628 pontum

138 651 265 706 Pulsabat
276 649 373 703 tonsiss
392 647 507 715 veloque
520 647 634 718 superba
644 647 734 717 capaci
783 704 786 710 ,
868 645 870 649 ’

138 740 210 793 Curn
223 738 346 807 rapidum
357 725 477 790 hauriret
489 737 603 799 Borean,
616 744 643 787 et
655 735 784 789 cornibus
796 751 889 791 emm

137 826 284 898 Colligeret
296 825 385 890 flatus,
399 823 472 876 lento
483 840 510 876 se
522 824 620 876 robore
631 823 737 893 agebat,

137 918 255 969 Intraret
267 914 365 967 fluctus
376 910 440 966 solis
451 911 472 964 si
482 909 560 980 pulsa
571 908 685 964 lacertis.

137 1004 305 1057 Procurrunt
315 1001 424 1054 levitate
435 997 509 1070 agili,
521 998 673 1068 docilesque
685 999 814 1070 regentis,

137 1089 284 1145 Audivisse
296 1102 415 1152 manum,
427 1086 505 1139 Latio
516 1103 579 1140 cum
590 1085 675 1140 milite
686 1102 800 1158 puppes.

138 1181 193 1232 Has
205 1188 235 1231 ut
247 1194 296 1248 per
306 1176 407 1229 laevtun
419 1174 555 1228 venientes
568 1192 662 1245 aequor
673 1175 793 1229 Himilco
875 1212 882 1219 -

138 1268 172 1319 ln
184 1267 252 1320 latus
264 1266 385 1336 obliquas
394 1266 549 1333 jussamque
560 1265 698 1320 incurrere
709 1282 823 1336 proram

139 1353 294 1424 Conspexit,
306 1368 420 1425 propere
435 1353 514 1408 Divis
527 1353 554 1407 in
566 1365 630 1409 vote
641 1355 744 1409 vocatis

137 1440 278 1511 AEquoris,
290 1440 393 1494 intento
404 1440 544 1494 volucrem
555 1441 589 1494 de
601 1459 676 1496 more
687 1442 813 1514 sagittam

138 1527 266 1599 Assignat
278 1543 379 1581 nervo:
399 1537 482 1596 utque
493 1528 578 1582 oculis
589 1528 699 1583 libravit
710 1529 740 1583 in
755 1529 872 1599 hostem,

137 1617 173 1670 Et
185 1616 286 1671 calamo
300 1615 456 1670 monstravit
468 1615 528 1679 iter,
541 1616 648 1670 diversa
659 1616 782 1671 relaxans

137 1705 259 1770 Brachia,
272 1705 384 1763 deduxit
395 1703 473 1759 vultu
486 1703 630 1759 comitante
643 1722 691 1777 per
703 1722 783 1760 auras

136 1797 169 1848 In
181 1794 280 1847 vulnus
291 1793 386 1859 telum,
396 1810 426 1847 ac
436 1793 575 1847 residentis
586 1812 675 1865 puppe
688 1795 810 1866 magistri

136 1884 234 1937 Affixit
246 1883 348 1954 plectro
359 1884 498 1937 dextram:
520 1901 570 1939 nec
579 1885 674 1939 deinde
686 1887 803 1957 regenda

136 1973 231 2042 Puppe
243 1989 336 2026 manus
348 1971 445 2037 valuit,
460 1972 575 2026 flectenti
587 1973 733 2026 immortua
743 1972 832 2029 clavo.

137 2060 263 2128 Dumque
274 2060 308 2113 ad
318 2075 397 2129 opem
408 2059 532 2124 accurrit,
546 2077 595 2114 ceu
605 2071 692 2131 capta,
706 2061 806 2129 navita,
820 2078 920 2136 puppe,

137 2147 206 2201 Ecce
218 2148 315 2201 iterum
327 2147 433 2216 fatoque
444 2147 502 2218 pari
514 2164 653 2219 nervoque
666 2148 769 2219 sagitta,

136 2237 170 2287 ln
183 2236 301 2289 medium
312 2234 434 2306 perlapsa
447 2235 568 2305 globum,
582 2238 783 2294 transverberat
794 2239 852 2295 ictu

137 2323 212 2377 Orba
223 2322 376 2394 gubernacli
389 2323 547 2379 subeuntem
558 2342 671 2380 munera
682 2329 820 2383 Taurum.

137 2412 268 2481 lrrumpit
280 2411 402 2464 Cumana
413 2410 485 2475 ratis,
498 2429 579 2482 quam
586 2413 709 2468 Corbulo
720 2415 818 2470 dtwtor

137 2500 269 2568 Lectaque
279 2497 430 2568 complebat
441 2498 591 2554 Stabiarum
602 2501 680 2555 litore
692 2504 788 2574 pubes.

136 2588 243 2640 Numen
256 2596 313 2639 erat
323 2585 400 2641 celsae
412 2588 507 2656 puppis
518 2588 606 2643 vicina
618 2589 716 2643 Dione.

136 2677 187 2729 Sed
199 2674 386 2746 superingestis
399 2674 509 2744 propior
521 2692 579 2743 quae
589 2677 694 2731 subdita
706 2677 773 2732 telis·
870 2730 873 2735 .

137 2764 211 2819 Bella
221 2765 381 2834 capessebat,
395 2764 481 2816 media
491 2765 610 2819 subsedit
621 2767 648 2820 in
661 2768 744 2834 unda

136 2851 286 2920 Divisitque
299 2851 408 2904 fretum.
429 2851 601 2905 clamantum
610 2871 737 2924 spumeus
748 2870 798 2909 ora

135 2942 238 2995 Nereus
250 2940 341 3010 implet
352 2940 438 3011 aquis,
449 2940 609 3013 palmaeque,
621 2943 742 2999 uoluente
753 2944 897 3015 ptofttudo,
