2010 3450
112 324 114 331 ,
138 267 179 327 „65
341 261 440 317 ⁴nata
452 269 510 311 ru.
548 268 582 308 v.
594 259 743 322 385-414.

146 381 319 434 Perventum.
337 378 397 433 dira
406 377 469 431 inde
480 374 548 440 luel,
561 372 731 442 ceduntque,
746 370 911 441 caduntque,
945 406 950 415 ·

147 469 309 540 Alternique
320 467 425 521 animas
434 481 508 520 saevo
518 464 547 518 in
559 478 687 518 mucrone
699 461 869 532 relinquunt.
949 486 952 495 =

147 558 210 612 Non
221 556 344 624 equidem
355 556 509 609 innumeras
520 552 606 606 caedes
618 561 712 623 totque
722 549 834 605 horrida
844 548 917 606 facta

149 643 286 716 sperarim
297 652 372 696 tanto
384 641 463 712 digne
474 657 525 712 pro
537 641 646 694 nomine
657 655 749 694 rerum

148 733 276 796 Pandere,
290 746 339 785 nec
350 730 427 784 dictis
437 728 586 784 bellantum
598 743 706 798 aequare
717 726 845 783 calorem.

150 823 201 875 Sed
212 839 271 887 vos,
286 820 418 890 Calliope,
431 831 523 875 nostro
534 820 631 873 donate
643 819 740 886 labori,

148 911 220 963 Nota
231 925 326 980 parum
337 907 427 979 anagni
438 908 520 978 longo
531 907 672 962 tradantur
680 917 712 963 ut
722 924 783 962 aevo

149 998 228 1051 Facta
240 995 300 1061 viri,
312 1006 339 1050 et
352 995 477 1049 merimm
489 996 544 1048 vati
556 1011 691 1050 ueremur
702 995 844 1053 honorem·

151 1085 264 1149 Ennius,
274 1086 384 1155 antiqua
394 1082 514 1156 Messapi
527 1082 561 1137 ab
573 1082 677 1155 origine
690 1084 771 1157 regia,

150 1170 283 1226 Miscebat
295 1173 395 1243 primas
405 1171 484 1236 acies,
498 1169 633 1240 Latiaeque
644 1172 792 1244 superbum

150 1261 219 1314 Vitis
230 1261 376 1315 adornabat
387 1260 512 1313 dextram
522 1259 619 1313 decue:
634 1258 739 1331 hispida
749 1259 831 1315 tellus
923 1332 926 1337 Ι

151 1349 287 1404 Miserunt
300 1347 428 1414 Calabri3
441 1347 540 1401 Rudiae
551 1363 667 1419 genuere
676 1358 806 1403 vetustae

150 1438 231 1492 Nunc
244 1436 341 1491 Rudiae
354 1420 413 1490 solo
424 1434 599 1490 memorabile
611 1451 709 1489 nornen
719 1434 843 1490 alumno.

151 1526 179 1579 Is
191 1525 278 1596 prima
290 1525 318 1579 in
329 1541 422 1596 pugna
443 1527 531 1594 (vates
542 1533 573 1577 ut
584 1522 719 1577 Thracius
732 1522 810 1588 olim,

149 1612 281 1666 infestam
291 1612 365 1666 bello
377 1621 498 1683 quateret
510 1628 573 1666 cum
587 1611 703 1682 Cyzicus
713 1612 803 1683 Argo,

151 1699 258 1770 Spicula
269 1699 389 1769 deposito
399 1698 558 1770 Rhodopeia
570 1697 675 1770 pectine
686 1697 783 1766 torsit)

151 1789 331 1859 Spectandum
343 1804 396 1842 sese
409 1805 463 1841 nou
473 1802 557 1858 parva
568 1796 655 1858 strage
668 1786 793 1842 viromtn

151 1875 271 1939 Fecerat,
282 1883 309 1926 et
320 1873 423 1928 dextrae
435 1872 562 1945 gliscebat
573 1872 693 1926 caedibus
704 1871 797 1927 ardor.

155 1962 287 2027 Advolat,
307 1972 440 2017 aeternum
451 1978 560 2032 sperans
572 1960 640 2026 fore,
653 1959 765 2030 pelleret
777 1961 880 2015 Hostus

152 2051 178 2104 Si
190 2061 292 2105 tantam
304 2050 402 2117 labem,
414 2066 445 2105 ac
456 2049 584 2122 perlibrat
595 2049 699 2104 viribus
711 2049 826 2103 butam.

152 2138 222 2192 Risit
234 2138 306 2192 nube
317 2139 412 2192 sedens
421 2138 484 2191 vani
496 2137 636 2193 conamina
646 2137 740 2209 coepti,

151 2228 188 2292 Et
199 2228 285 2281 telum
295 2226 389 2298 procul
401 2227 429 2280 in
441 2237 535 2279 ventos
547 2226 647 2282 dimisit
660 2225 774 2297 Apollo.

153 2317 197 2370 Ac
209 2333 289 2387 super
301 2315 358 2369 his:
380 2314 511 2382 Nimium,
521 2316 639 2382 juvenis,
652 2315 820 2388 nimiumque
832 2315 943 2387 superbi

155 2407 264 2475 sperata
275 2402 396 2457 hausisti.
417 2405 496 2457 Sacer
506 2403 560 2469 hic,
573 2421 604 2458 ac
616 2421 713 2474 magna
722 2420 848 2459 sororum
952 2398 958 2411 “

154 2492 294 2545 Aonidum
299 2509 371 2546 *cura
382 2502 431 2557 est,
444 2501 473 2546 et
484 2492 582 2563 dignus
594 2492 723 2564 Apolline
734 2503 822 2547 vates.

153 2579 204 2632 llic
213 2589 290 2633 canet
300 2579 399 2634 illustri
411 2578 516 2650 primus
528 2579 601 2633 bella
611 2579 680 2632 Itala
689 2595 785 2645 versu,

152 2666 325 2737 Attolletque
337 2668 418 2722 duces
429 2667 515 2731 coelo;
530 2684 656 2722 resonare
667 2668 775 2723 dooebit

154 2754 205 2809 Hic
218 2755 300 2809 Latiis
312 2755 442 2810 Helicona
453 2755 548 2821 modis,
562 2773 611 2811 nec
621 2757 699 2812 cedet
709 2757 816 2813 honore

155 2846 267 2898 Ascraeo
280 2843 383 2898 tantave
396 2844 462 2898 seni.
484 2845 526 2898 Sic
537 2844 667 2911 Phoebus,
679 2846 807 2909 etlloato

154 2934 246 2989 Ultrix
258 2951 306 3007 per
316 2935 456 3005 geminum
466 2936 626 2992 transcurrit
638 2945 744 3007 tempus
753 2934 871 2990 artando.
952 2972 959 2980 -
