2010 3450
159 244 208 306 158
364 250 457 295 tissa
476 252 530 293 xv.
566 253 596 290 v.
611 240 758 312 565-594.

158 356 301 411 Tellurem
313 358 488 427 Noctemque,
501 367 528 411 et
539 358 610 411 coelo
622 370 713 430 sparsa
722 368 850 432 precatur

159 447 252 509 Astra,
265 447 415 516 ducemque
426 447 480 500 viae
490 447 572 500 tacito
584 447 635 500 sub
646 447 747 501 lumine
759 447 891 503 Phoeben.

158 535 226 588 Inde
236 534 300 605 legit
311 536 404 607 dignas
415 547 488 605 tanta
499 538 534 590 ad
545 538 683 592 conamina
694 539 814 594 dextras.

159 628 281 698 Qaque
282 625 353 691 jacet
365 627 454 696 superi
466 625 576 679 Larinas
588 627 677 681 accola
688 628 775 700 ponti,

159 717 223 787 Qa
234 715 296 768 duri
307 713 380 768 bello
391 730 456 784 gens
468 715 635 780 Marrucina,
646 715 783 787 fidemque

157 803 266 856 Exuere
277 802 397 856 indocilis
410 801 487 856 sociis
499 805 648 856 Frentanus
659 802 687 856 in
699 805 790 858 armis.

86 914 89 919 ·
156 890 243 956 Tum,
257 909 309 959 qua
320 891 442 944 uitiferos
453 892 565 944 domitat
577 892 706 946 Praetutia
717 895 812 964 pubes,

20 1060 24 1072 .
112 1051 114 1055 Ι
158 977 233 1032 Laeta
244 978 352 1044 laboris,
364 989 598 1050 agros,etpenna,
609 990 637 1033 et
646 979 768 1047 fulmine,
779 993 806 1034 et
819 984 897 1038 undis

156 1065 293 1130 Hibernis,
306 1075 333 1118 et
347 1066 520 1120 Achaemenio
532 1068 651 1122 velocior
661 1085 726 1122 arcu

155 1152 265 1206 Evolat.
285 1156 415 1208 Honator
427 1155 477 1207 ostii
489 1155 616 1226 quisque:
638 1157 709 1228 Age,
723 1173 816 1228 perge,
829 1158 940 1211 salutem

156 1241 286 1296 Ausoniae
297 1243 425 1314 ancipites
437 1244 543 1314 Superi,
555 1254 591 1309 et,
605 1254 655 1297 stet
667 1245 757 1298 Roma
767 1247 890 1313 cadatne,

155 1331 189 1384 ln
202 1331 314 1402 pedibus
324 1348 437 1401 posuere
443 1332 509 1397 tuis,
523 1331 700 1402 clamantque,
713 1344 860 1403 ruuntque.

155 1419 288 1472 Hortandi
299 1437 383 1490 genus
395 1437 455 1473 acer
466 1420 551 1478 habet¹
558 1422 709 1489 praecedere
721 1421 829 1476 ducmr.

154 1506 239 1561 Illum
251 1517 348 1578 augent
360 1525 454 1562 cursus
465 1509 553 1562 annisi
561 1525 669 1579 aequare
681 1511 827 1576 sequendo,

155 1595 247 1664 Atque
259 1596 381 1649 indefessi
393 1607 550 1664 noctemque
558 1597 682 1664 diemque
693 1596 831 1651 seruntur.

154 1684 198 1736 At'
207 1683 295 1736 Roma
304 1683 409 1736 adversi
420 1694 526 1736 tantum
537 1682 606 1736 mala
617 1683 727 1754 gliscere
736 1683 802 1737 belli

153 1773 307 1844 Accipiens,
320 1772 454 1841 trepidare
466 1783 549 1838 metu,
562 1773 727 1843 nimiumque
740 1775 879 1829 Neronem

154 1862 305 1933 Speravisse
319 1861 402 1928 queri,
415 1871 493 1928 atque
505 1878 560 1914 uno
573 1861 622 1914 sibi
633 1861 748 1915 vulnere
759 1879 836 1930 posse

153 1951 267 2004 Auferri
278 1961 421 2003 restantem
433 1951 559 2004 animam.
579 1968 632 2004 non
644 1968 728 2016 arma,
743 1969 791 2006 nec
802 1969 909 2018 aurum,

152 2040 210 2093 Nec
221 2040 330 2108 pubem,
345 2056 402 2102 nec,
416 2055 498 2108 quem
510 2039 634 2104 fundant,
648 2056 786 2110 superesse
797 2057 928 2095 cruorem·
987 2106 991 2115 ,

151 2130 257 2184 Scilicet
269 2129 465 2183 Hasdrubalem
477 2128 594 2193 invadat,
609 2128 655 2199 qui
667 2129 702 2181 ad
714 2129 811 2200 proelia
822 2130 872 2184 soli
923 2121 925 2131 '

151 2218 295 2273 Hannibali
307 2218 369 2272 satis
380 2235 436 2272 esse
448 2217 557 2288 nequit?
576 2219 637 2284 Jam
648 2234 750 2282 rursus,
764 2217 812 2271 ubi
824 2234 898 2272 arma

150 2308 290 2362 Avertisse
302 2324 350 2360 suo
362 2305 485 2377 cognorit
496 2305 574 2358 devia
583 2304 666 2369 vallo,

149 2396 294 2448 llaesurum
309 2390 392 2464 portis
404 2395 533 2447 Poenum:
554 2393 666 2457 venisse,
681 2393 799 2462 superbo

149 2485 207 2556 Qi
218 2483 294 2536 fratri
303 2494 396 2547 certet,
410 2484 452 2536 cui
464 2482 581 2535 maxima
592 2481 678 2552 gloria
689 2481 765 2535 cedat

148 2572 231 2624 Urbis
242 2571 352 2624 deletae:
369 2570 459 2623 fremit
471 2587 561 2623 amens
573 2570 654 2623 corde
666 2571 716 2623 sub
729 2570 784 2623 imo

148 2660 225 2712 Ordo
238 2659 358 2724 Parrum,
372 2675 403 2712 ac
414 2675 512 2729 magno
523 2658 625 2710 interea
637 2658 784 2711 meditatur
795 2673 887 2712 amore

147 2748 278 2801 Servandi
289 2747 401 2812 decoris,
414 2764 531 2818 quonam
542 2765 570 2800 se
581 2747 633 2800 fine
647 2746 759 2799 minanti

146 2835 262 2890 Servitio
274 2835 378 2905 eripiat,
392 2834 531 2903 Divosque
542 2835 639 2888 evadat
651 2834 768 2904 iniquos.

146 2925 204 2976 llos
215 2923 285 2979 inter
296 2923 411 2995 gemitus
424 2923 540 2978 obscuro
551 2923 636 2978 noctis
647 2938 738 2995 opacae
