2010 3450
101 238 151 291 1⁶0
304 246 395 286 trost
414 245 469 286 xv.
506 247 535 284 v.
548 234 699 300 ὄις-654.

99 353 231 423 Obliquat
242 350 322 422 ripas,
333 351 473 420 refluoque
485 366 534 420 per
544 367 638 420 aspera
649 351 728 421 lapsu

99 443 133 493 ln
145 457 200 494 sese
213 439 292 504 redit,
303 438 362 504 hae,
375 455 448 493 casso
461 440 575 492 ducente
588 439 691 505 labore,

99 527 238 597 Exiguum
248 524 392 577 involvunt
404 524 538 578 frustratis
548 526 684 596 gressibus
696 527 802 592 orbem,

100 615 185 680 Inque
197 628 288 664 errore
300 611 353 664 viae
365 612 535 665 tenebrarum
547 630 646 667 munus
657 613 808 666 ademtum.

99 701 163 754 Lux
173 710 263 771 urget,
275 699 534 770 panditquefugam.
554 702 622 754 Ruit
632 719 694 757 acer
704 702 804 772 apertis

98 789 198 843 Turbo
209 789 332 859 equitum
342 789 436 858 portis,
449 799 529 858 atque
541 806 634 842 omnes
645 789 733 843 ferrea
744 790 798 844 late

98 878 258 948 Tempestas
271 877 358 946 operit
369 894 487 948 campos.
507 877 637 931 Nondum
648 895 723 930 arma
735 894 883 949 manusque

100 964 254 1028 Permixtas,
264 965 321 1029 jam
333 963 386 1018 tela
395 964 493 1017 bibunt
506 963 644 1034 praemissa
655 980 790 1018 cruorem.

84 1118 86 1122 Ι
99 1053 180 1116 Hinc,
190 1054 271 1118 jussae
281 1053 397 1105 Poenum
408 1052 555 1123 fugientem
567 1052 668 1116 sistere,
681 1070 778 1123 pennae
792 1076 795 1081 ¹

100 1141 212 1194 Dictaeae
222 1141 336 1194 volitant
343 1161 351 1206 3
370 1141 432 1194 hinc
442 1140 532 1195 lancea
544 1141 651 1194 turbine
663 1142 741 1212 nigro

100 1233 164 1284 Fert
175 1231 260 1283 letum
271 1229 418 1297 cuicunque
429 1229 499 1294 viro,
512 1245 591 1297 quem
603 1229 740 1299 prenderit
752 1230 832 1284 ictus.

100 1319 248 1388 Deponunt
257 1317 344 1371 abitus
356 1333 459 1381 curam,
472 1317 621 1386 trepidique
633 1327 737 1371 coactas

101 1406 276 1461 Constituunt
287 1405 365 1469 acies,
377 1416 404 1457 et
416 1421 475 1473 spes
485 1404 519 1457 ad
528 1404 624 1474 proeiia
633 1415 756 1458 vertunt.

100 1494 161 1563 Ipse
171 1493 242 1545 inter
253 1492 354 1545 medios
366 1495 443 1561 (nam
454 1508 546 1545 rerum
558 1493 626 1545 dura
636 1492 760 1561 videbat)

101 1581 224 1634 Sidonius
235 1581 341 1646 ductor,
355 1589 431 1650 tergo
444 1579 564 1634 sublimis
575 1581 609 1634 ab
622 1580 675 1635 alto

101 1669 338 1746 Qadrupedantis
350 1669 421 1739 equi,
434 1670 547 1723 tendens
557 1686 706 1740 vocemque
718 1688 875 1743 manusque,

100 1757 153 1811 Per
161 1758 267 1821 decora,
278 1767 400 1810 extremo
409 1756 487 1808 vobis
499 1756 609 1826 quaesita
620 1759 670 1810 sub
683 1775 745 1824 axe,

101 1846 153 1912 Per
164 1845 254 1898 fratris
264 1844 354 1898 laudes
366 1863 424 1909 oro,
438 1845 541 1898 venisse
553 1846 698 1916 probemus

101 1937 270 1989 Germanum
282 1934 452 1987 Hannibalis:
466 1934 544 1987 Latio
556 1933 664 1988 fortuna
676 1935 782 1990 laborat

101 2023 232 2076 Adversis
244 2023 404 2076 documenta
415 2022 488 2088 dare,
504 2033 583 2091 atque
594 2024 744 2090 ostendere,
757 2034 871 2096 quantus

99 2110 220 2163 Verterit
232 2111 259 2162 in
272 2109 390 2162 Rutulos
401 2110 518 2162 domitor
529 2111 632 2164 telluris
645 2112 744 2177 lberae‚

101 2202 198 2253 Suetus
209 2199 242 2250 ad
254 2197 399 2251 Herculeas
412 2197 487 2250 miles
498 2198 598 2252 bellare
610 2198 759 2253 columnas.

49 2268 53 2275 Ι
101 2285 222 2339 Forsitan
235 2295 261 2336 et
273 2301 376 2354 pugnas
387 2285 477 2337 veniat
488 2303 630 2355 germanus
642 2286 670 2338 in
682 2287 765 2355 ipsas.

101 2375 191 2446 Digna
203 2373 271 2437 viro,
286 2375 375 2444 digna,
387 2374 516 2438 obtestor,
530 2372 680 2443 spectacula
690 2374 774 2443 pleno

100 2463 268 2533 Corporibus
281 2472 420 2532 properate
432 2463 499 2515 solo.
521 2462 675 2532 quicunque
687 2461 779 2516 timeri

101 2553 167 2605 Dux
180 2552 252 2605 bello
265 2564 378 2622 poterat,
394 2552 470 2605 fratri
476 2553 562 2618 jacet:
583 2554 662 2606 unica
674 2571 746 2608 nunc
758 2573 829 2626 spes,

100 2639 137 2692 Et
148 2658 228 2709 poena
239 2650 265 2692 et
277 2641 386 2693 latebris
398 2640 511 2693 infracto
524 2641 618 2694 Livius
627 2658 687 2694 aevo

100 2727 265 2780 Damnatum
275 2727 386 2779 offertur
398 2727 475 2778 vobis
485 2715 576 2798 caput.
596 2731 647 2793 Ite,
661 2729 740 2800 agite,
754 2746 814 2798 oro,

100 2814 216 2866 Stemite
228 2816 377 2879 ductorem,
390 2832 453 2868 cum
466 2833 519 2882 quo
532 2835 692 2871 concurrere
706 2818 787 2874 fratri

100 2901 139 2956 sit
151 2902 248 2991 pudor,
261 2913 288 2956 et
300 2902 375 2976 turpi
385 2902 468 2960 finem
477 2903 574 2960 donate
586 2915 711 2962 senectae.
