2010 3450
98 262 129 320 18
316 264 406 304 tta-stt
424 264 456 303 xa
477 264 521 301 Ν.
535 261 684 316 445-474s

101 370 237 426 Hannibal
248 369 294 424 bic
306 377 424 423 armatus
435 367 519 421 adest.
538 367 662 431 moriere,
677 383 725 420 nee
738 368 797 422 ullo

103 460 249 513 Poenorum
262 458 358 512 melior
369 457 487 527 parietur
498 455 583 526 gloria
594 472 674 508 caeso.

102 547 150 601 His
161 564 272 601 excussa
281 547 387 615 incepta
398 544 486 597 minis.
505 546 619 614 Jamque
631 544 726 596 ordine
736 545 814 611 jusso

100 635 280 704 Obstringunt
291 632 391 685 animas
402 632 505 702 patriae,
519 632 668 700 dictataque
678 632 772 696 jurant

105 723 274 777 Sacramenta
289 723 362 786 Deis,
375 731 402 775 et
414 731 529 792 purgant
542 732 649 790 pectora
659 721 749 791 culpa.
794 767 797 773 .

105 815 197 880 Atque
209 812 316 864 eadum
329 810 440 867 Rutulis
453 809 561 862 turbata
573 819 662 862 mente
673 818 816 879 geruntur,

101 900 243 952 Lustrabat
254 915 371 970 campos,
384 907 410 950 et
423 915 503 950 saevae
514 896 600 949 tristia
609 897 712 972 dextrae

104 978 185 1039 Facta
197 985 358 1051 recensebat,
372 993 537 1055 pertractans
550 985 665 1036 vulnera
677 984 748 1048 visu,

105 1074 250 1138 Hannibal,
263 1083 299 1137 et,
310 1089 406 1144 magna
417 1072 635 1142 circumstipante
645 1082 762 1138 caterva,

105 1163 204 1216 Dulcia
216 1161 353 1232 praebebat
365 1160 485 1214 trucibus
497 1160 647 1230 spectacula
660 1160 759 1214 Poenis.

75 1267 78 1270 ⁴
108 1256 184 1326 Qas
198 1260 297 1320 strages
310 1249 389 1313 inter,
403 1247 542 1302 confossus
553 1259 662 1318 pectora
673 1248 743 1314 telis,

109 1339 272 1392 seminecem
283 1347 405 1391 extremo
416 1337 501 1390 vitam
512 1337 654 1390 exhalabat
666 1338 694 1390 in
706 1354 784 1392 auras

107 1427 253 1481 Murmure
265 1423 389 1487 deficiens
396 1425 453 1491 jam
466 1424 591 1490 Cloelius,
604 1443 705 1496 oraque
716 1426 776 1479 nisu

108 1512 247 1583 Languida
258 1511 305 1565 vix
318 1530 390 1583 aegro
401 1523 429 1564 et
440 1513 522 1566 dubia
533 1513 637 1566 cervice
649 1513 766 1566 levabat.

108 1601 233 1672 Agnovit
245 1601 359 1671 sonipes,
373 1601 535 1670 arrectisque
547 1601 658 1654 auribus
668 1617 757 1654 acrem

109 1688 250 1742 Hinnitum
262 1689 411 1753 effundens,
426 1689 519 1742 sternit
532 1690 628 1742 tellure
640 1691 786 1760 Vagesum,

110 1781 201 1851 Qem
213 1786 278 1831 tunc
290 1777 398 1847 captivo
408 1773 532 1848 portabat
545 1778 571 1830 in
584 1779 689 1848 agmina
698 1779 789 1831 dorso.

105 1865 188 1931 Hinc,-
202 1865 325 1935 rapidum
335 1864 488 1936 glomerans
499 1883 618 1930 cursum,
632 1854 680 1937 per
691 1866 797 1920 lubrica
808 1867 867 1940 ping

111 1955 201 2006 Stante
214 1970 310 2006 cruore
322 1953 371 2006 soli
383 1965 409 2007 et
423 1954 550 2007 mulctata
561 1953 691 2007 cadavera
702 1955 774 2008 caede

104 2041 211 2104 Evolat,
225 2059 255 2094 ac
267 2042 368 2095 domini
380 2041 498 2095 consistit
510 2041 537 2094 in
551 2060 598 2095 ora
608 2041 730 2107 jacentis.

106 2130 183 2194 Inde,
196 2130 338 2204 inclinatus
350 2131 429 2195 colla,
442 2142 468 2184 et
481 2131 628 2184 submissus
640 2132 667 2183 in
679 2149 778 2196 armos,

108 2219 150 2271 De
164 2236 237 2271 more
249 2218 355 2272 inflexis
366 2219 504 2289 praebebat
516 2219 641 2272 scandere
654 2230 730 2289 terga

108 2305 250 2370 Cruribus‚
264 2325 295 2359 ac
306 2307 417 2377 proprio
430 2307 546 2374 quodam
558 2306 708 2377 trepidabat
721 2324 823 2361 amore.

108 2392 199 2446 Milite
211 2412 266 2447 non
278 2394 325 2447 illo
338 2395 477 2466 quisquam
489 2395 592 2450 felicius
605 2395 659 2449 acri
730 2439 733 2447 f

110 2477 257 2532 Insultdrat
272 2496 353 2551 equo,
365 2482 409 2535 vel
421 2482 442 2535 si
455 2483 578 2553 resupina
590 2484 671 2537 citato

109 2565 247 2632 Projectus
257 2569 339 2623 ‘dorso
352 2569 434 2623 ferret
447 2587 495 2623 sua
506 2572 635 2636 membra,
648 2571 692 2623 vel
705 2571 776 2624 idem

111 2651 137 2702 Si
150 2653 223 2705 nudo
236 2665 316 2708 staret
328 2667 413 2728 tergo,
426 2657 493 2710 dum
505 2667 580 2728 rapta
591 2657 709 2711 volucris

108 2740 136 2792 T
138 2741 282 2811 ransigeret
294 2761 375 2797 cursu
387 2745 491 2817 sonipes
503 2746 647 2800 certamina
658 2746 755 2815 campi.
837 2786 840 2789 «

107 2828 148 2879 At
159 2828 249 2898 Libys,
264 2829 394 2886 humanos
406 2839 557 2904 aequantem
567 2847 675 2906 pectore
688 2852 781 2889 sensus

106 2915 186 2974 Haud
197 2932 278 2988 parce
291 2918 400 2975 miratus
412 2938 522 2992 equum,
535 2923 647 2994 quinam
658 2922 830 2982 illesinistrae
