2010 3450
310 287 399 337 urm
419 290 485 328 xvi.
522 292 551 329 v.
564 293 714 344 qus-444.
869 288 919 356 ¹⁸}

109 393 181 448 Iera
193 392 249 448 suis
260 391 360 458 victor,
374 393 514 464 mediaque
527 395 638 450 Pelorus
649 414 738 451 arena--

108 484 225 554 Surgere
237 481 366 535 nitentem
377 480 484 552 fugiens
496 479 612 537 Atlanta
623 485 760 554 relinquit.

77 599 80 607 v
107 571 164 624 Nec
176 570 290 640 longum
301 569 385 638 Cyrni
391 569 512 622 defessos
524 573 653 640 prendere
665 590 770 626 currus.

106 659 186 712 Hunc
198 675 280 726 quoq;
293 667 465 711 cunctantem
476 668 503 711 et
515 675 575 713 sero
588 661 769 715 moderamina
779 678 909 730 equorum

107 745 272 810 Disseutem,
284 745 377 816 rapido
389 746 562 817 praetervolat
574 747 671 802 incitus
683 766 748 803 axe:

106 833 226 906 Impellit
235 851 348 891 currum
359 834 462 888 clamor
474 851 604 903 vocesque
615 836 764 891 faventum.

104 921 217 989 Jamque
229 921 310 975 etiam
321 923 402 975 dorso
412 932 492 989 atque
503 923 621 977 humeris
632 925 788 994 trepidantis
800 926 873 982 Iberi

104 1009 160 1062 Ora
169 1009 339 1078 superposuit
350 1009 465 1079 sonipes,
480 1010 610 1080 llatusque
621 1029 722 1080 vapore

104 1099 196 1169 Terga
207 1099 303 1169 premi,
316 1109 343 1152 et
354 1099 456 1170 spumis
467 1099 560 1170 auriga
571 1100 701 1154 calescere
713 1102 802 1155 sentit.

104 1187 231 1242 Incubuit
243 1205 338 1258 campo
352 1187 464 1252 Durius,
478 1187 603 1258 misitque
613 1189 707 1243 citatos

104 1277 223 1330 Verbere
236 1275 432 1347 quadrupedes,
450 1291 499 1329 nec
510 1274 625 1329 frustra:
642 1293 748 1346 aequare
759 1277 875 1343 videtur,

91 1356 92 1359 ¹
103 1365 162 1419 Aut
174 1366 255 1419 etiam
266 1365 384 1434 aequavit
392 1366 458 1434 juga
470 1365 645 1433 praecedentia
656 1366 761 1418 dexter.

103 1452 246 1507 Attonitus
257 1462 316 1505 tum
328 1469 375 1522 spe
386 1461 468 1515 tanta,
482 1452 623 1517 Genitore,
636 1453 740 1517 Peiore,

103 1541 145 1595 Te
158 1542 285 1613 Zephyro
296 1540 423 1594 eductum
436 1557 506 1593 nunc
519 1557 590 1594 nune
602 1541 741 1594 ostendere
754 1549 869 1612 tempus.

103 1629 223 1695 Distant,
238 1630 284 1701 qui
297 1630 430 1699 pecudum
442 1630 544 1683 ducunt
556 1629 590 1682 ab
603 1629 705 1700 origiue
717 1618 823 1696 nomen,

103 1723 243 1790 Qantum
255 1718 339 1771 divini
350 1717 486 1788 praecellat
498 1718 604 1772 seminis
617 1729 703 1773 ortus.

101 1807 196 1862 Victor
205 1807 276 1859 dona
288 1806 373 1871 dabis,
387 1817 538 1876 statuesque
547 1807 640 1862 altaria
651 1808 732 1880 patri.

101 1896 145 1963 Et,
158 1895 188 1949 nl
200 1912 323 1950 successu
334 1895 416 1949 nimio
429 1896 543 1964 laetoque
556 1913 656 1965 pavore

100 1984 225 2038 Proditus
236 1984 326 2056 elapso
339 1983 408 2037 foret
419 1984 489 2037 inter
500 1985 584 2036 verba
596 1984 712 2056 flagello,

100 2075 200 2128 Forsan
213 2071 340 2127 sacrasset
353 2073 489 2144 Zephyro,
504 2088 572 2139 quas·
580 2082 702 2138 voverat,
716 2091 783 2128 aras.

99 2161 175 2215 Tum
186 2177 253 2213 vero
263 2159 366 2225 infelix,
381 2159 467 2213 veluti
478 2157 697 2228 delapsa.corona

101 2247 217 2301 Victoris
228 2247 309 2318 capiti
320 2247 399 2312 foret,
412 2247 439 2300 in
453 2263 480 2299 se
492 2261 585 2299 versus
596 2245 630 2297 ab
642 2245 692 2312 ira,

99 2337 233 2391 Auratam
245 2336 333 2390 medio
344 2334 468 2390 discindit
480 2344 588 2405 pectore
600 2340 725 2400 vestem,

99 2426 142 2478 Ac
153 2424 272 2478 lacrima:
285 2424 364 2477 simul
377 2435 404 2476 et
415 2434 526 2494 questus
538 2424 572 2476 ad
585 2423 671 2476 sidera
683 2423 746 2477 susi.

97 2511 154 2566 Nec
161 2512 221 2579 jam
232 2512 364 2565 subducto
376 2513 487 2580 parebat
499 2512 611 2565 verbere
624 2528 729 2580 currus.

98 2599 151 2653 Pro
164 2597 279 2652 stimulis
287 2598 369 2651 dorso
381 2599 541 2668 quatiuntur
552 2598 639 2652 inania
650 2596 708 2650 lora

97 2686 204 2739 Interea
215 2685 302 2750 metis,
314 2695 404 2742 certus
412 2685 470 2751 jam
482 2684 577 2749 laudis,
589 2683 685 2754 agebat

97 2773 158 2826 Sese
170 2772 328 2839 Panchates,
341 2782 368 2826 et
380 2772 491 2844 praemia
502 2771 590 2842 prima
600 2770 707 2841 petebat

96 2862 221 2916 Arduus.
241 2861 348 2916 Effusas
358 2862 425 2916 lenis
436 2879 485 2933 per
495 2861 566 2916 colla
576 2878 624 2931 per
635 2876 724 2915 armos

96 2947 217 3008 Ventilat
228 2951 396 3018 aurajubast
415 2960 485 3021 tum,
497 2950 590 3008 mollia
600 2966 680 3006 crura
691 2949 800 3023 superbi
