2010 3450
227 264 233 277 ’
300 257 390 300 nram
409 258 463 298 xr.
502 258 535 296 v.
548 242 697 312 595-624.
859 257 907 310 ¹5⁹

97 365 220 423 Succedit
228 363 321 421 castris
333 366 416 427 Nero,
429 379 491 432 quae
504 361 648 426 conjuncta
656 356 739 413 feroci

96 457 190 510 Livius
202 451 364 518 Hasdrubaii
376 450 449 505 vallo
460 450 571 503 custode
582 450 700 502 tenebat.

97 540 247 614 belligeris
262 539 407 608 quondam,
421 537 554 606 scitusque
566 537 710 591 accendere
721 535 843 589 Martem

97 628 238 682 Floruerat
249 626 338 697 primo
349 625 437 678 clarus
449 635 583 694 pugnator
594 624 620 677 in
634 641 704 677 aevo.

96 716 168 769 Mox
181 713 248 767 falso
260 713 339 765 laesus
351 730 405 765 non
418 712 489 782 aequi
500 712 610 765 crimine
621 713 708 784 vulgi,

97 801 211 856 Secretis
222 801 293 854 ruris
304 800 394 853 tristes
406 799 580 853 absconderat
589 816 682 853 annos.

98 892 160 956 Sed,
172 901 316 962 postquam
328 888 437 960 gravior
449 886 533 940 moles
544 897 682 955 terrorque
693 887 794 959 periclo

98 978 229 1031 Poscebat
240 976 366 1047 propiore
378 976 480 1040 virum,
494 988 634 1029 revocatus
645 977 680 1029 ad
688 994 763 1030 arma

97 1066 155 1119 Tot
166 1064 242 1119 caesis
254 1064 378 1130 ducibus,
392 1064 484 1134 patriae
494 1064 641 1117 donaverat
654 1063 732 1116 iram.

98 1156 139 1209 At
150 1173 205 1208 non
218 1153 415 1208 Hasdrubalem
427 1153 535 1208 fraudes
547 1154 649 1208 latuere
661 1167 797 1209 recentum

99 1247 261 1308 Armorum,
275 1261 425 1312 quanquam
438 1244 555 1297 tenebris
565 1261 621 1297 nox
633 1253 736 1297 texerat
745 1254 828 1297 astus.

98 1333 222 1387 Pulveris
234 1332 261 1384 in
272 1331 364 1401 clipeis
376 1331 488 1402 vestigia
498 1332 556 1384 visa
567 1332 722 1395 movebant,

99 1421 134 1474 Et
146 1420 255 1490 properi
268 1419 374 1491 signum
385 1436 520 1484 accursus,
534 1420 702 1490 sonipesque,
714 1419 819 1490 virique

99 1509 241 1563 Substricti
254 1524 362 1579 corpus,
375 1507 417 1560 bis
427 1506 531 1562 clarum
543 1508 655 1561 buccina
667 1508 783 1578 signum.

98 1598 232 1651 Praeterea
242 1596 348 1667 gemino
360 1597 510 1666 prodebant
519 1597 751 1667 junctahtnagistro

99 1687 195 1740 Castra
203 1685 271 1756 regi.
292 1685 404 1748 Verum,
418 1683 497 1736 fratri
508 1684 529 1737 si
542 1684 599 1736 vita
608 1682 733 1753 supersit,

99 1772 158 1846 Qri
170 1772 280 1826 tandem
291 1771 397 1824 licitum
408 1770 491 1824 socias
503 1771 665 1840 conjungere
677 1768 749 1821 vires

99 1860 279 1919 Consulibus?
297 1859 432 1912 Sedenim
446 1859 533 1912 solum
547 1858 625 1926 (dum
637 1873 701 1910 vera
713 1857 861 1927 patescant)

99 1945 253 2001 Cunctandi
265 1955 364 1998 restare
376 1945 480 2008 dolum,
492 1945 665 2014 Martemque
678 1942 811 1996 trahendi.

98 2037 155 2090 Nec
166 2034 289 2088 consulta
300 2034 372 2105 fugae
385 2033 459 2103 segni
471 2033 615 2086 formidine
627 2032 726 2086 differt.

99 2127 172 2189 Nox,
187 2123 271 2177 somni
284 2123 409 2194 genitrix,
424 2121 547 2174 mortalia
559 2132 667 2191 pectora
678 2121 750 2175 curis

99 2209 244 2283 Purgairat,
257 2210 427 2277 tenebraeque
439 2208 573 2262 horrenda
584 2208 687 2262 silentia
699 2208 820 2263 alebant:

99 2299 205 2368 Erepit,
219 2313 344 2368 suspensa
356 2296 445 2349 ferens
458 2297 579 2367 vestigia,
591 2297 694 2362 castris,

100 2386 136 2439 Et
147 2396 222 2439 muta
231 2385 304 2438 elabi
316 2385 397 2438 tacito
405 2386 485 2450 jubet
495 2385 602 2455 agmina
614 2403 703 2456 passu.

99 2473 217 2526 Illunem
226 2473 299 2527 nacti
309 2490 356 2543 per
367 2490 432 2526 rura
443 2474 557 2527 tacentia
568 2484 674 2528 noctem

101 2562 273 2626 Acceletant,
285 2562 425 2632 vitantque
439 2579 529 2615 sonos:
546 2563 592 2615 sed
601 2564 702 2633 percita
712 2562 770 2616 falli

102 2652 157 2703 Sub
170 2661 246 2704 tanto
258 2662 334 2704 motu
346 2651 426 2704 tellus
438 2653 539 2719 nequit.
558 2652 677 2722 implicat
688 2665 759 2706 actas

103 2739 182 2793 Caeco
191 2722 285 2792 ¹errore
297 2741 364 2805 vias,
376 2740 531 2810 umbrisque
544 2740 690 2794 serentibus
701 2751 776 2794 arcto

104 2827 269 2898 circumagit
281 2829 367 2898 spatio
378 2846 426 2881 sua
437 2846 486 2899 per
495 2829 608 2900 vestigia
619 2831 724 2883 ductos.

104 2919 181 2987 Nam,
196 2935 251 2990 qua
262 2927 387 2972 curvatas
399 2919 510 2973 sinuosis
523 2918 638 2974 flexibus
647 2917 733 2982 munis
