2010 3450
144 268 194 325 144
339 267 429 309 blm
449 267 504 306 XV·
531 267 570 304 av.
586 266 733 319 145—174,
749 266 754 291 τ

144 375 196 431 Per
205 377 325 432 subitum
334 384 408 453 moto
420 383 559 444 strepuere
571 371 691 424 tonitrua
702 371 816 426 mundo
877 370 880 376 ’

144 468 221 521 Tum
233 483 299 518 vero
311 480 406 535 capere
416 479 491 516 arma
497 461 604 527 jubent,
616 460 784 532 genibusque
798 461 916 517 saluum

147 555 276 608 Submissi
288 553 443 623 augurium,
455 568 486 605 ac
498 550 559 616 iret,
571 567 625 620 qua
635 549 733 604 ducere
744 550 833 606 Divos

147 645 330 714 Perspicuum,
344 651 371 694 et
384 640 469 711 patrio
481 648 642 692 monstraret
654 639 747 692 semita
759 639 846 710 signo.

147 733 277 786 Certatim
288 730 399 784 comites
409 719 500 781 rerum
511 725 630 796 bellique
641 726 779 780 ministros

146 819 343 889 Agglomerant
355 831 420 880 sese,
433 824 513 884 atque
525 831 598 867 acres
611 814 712 868 sociare
724 814 831 868 labores

145 907 313 975 Exposcunt,
325 903 490 971 laudumque
501 901 560 955 loco
572 912 611 954 est
621 901 708 954 isdem
719 919 776 955 esse
788 902 840 956 sub
850 902 941 958 umis.

144 995 220 1047 Tum
232 1009 304 1046 nova
314 989 460 1044 caeruleum
471 989 608 1044 descendit
619 989 709 1044 classis
720 989 749 1043 in
760 1007 867 1062 aequor.

146 1079 173 1132 It
184 1094 275 1133 comes
285 1077 417 1143 Ausonia,
430 1086 512 1147 atque
523 1078 551 1130 in
563 1088 646 1130 terras
658 1076 753 1131 transit
765 1077 870 1132 iberas.

146 1169 194 1232 Ut,
204 1183 266 1219 cum
276 1181 347 1220 saera
358 1165 433 1218 fretis
446 1165 556 1218 immisit
568 1165 672 1235 proelia,
687 1166 777 1220 Corus

145 1256 248 1309 Isthmo
258 1255 412 1310 incurvatas
423 1250 537 1307 sublime
549 1254 679 1324 suberigit
689 1254 787 1320 undas,

146 1346 191 1410 Et,
206 1353 345 1416 spumante
357 1359 439 1396 ruens
453 1359 502 1413 per
513 1360 577 1395 saxa
587 1343 721 1414 gementia
732 1343 830 1411 fluctu,
884 1386 888 1393 .

145 1433 253 1485 Ionium
265 1432 362 1502 AEgreo
374 1431 468 1484 miscet
478 1447 561 1483 mare.
581 1430 676 1483 Celsus
690 1431 718 1483 in
730 1447 806 1484 arma

145 1519 260 1586 Emicat,
272 1537 303 1573 ac
314 1519 401 1588 prima
413 1529 484 1572 stans
498 1518 585 1589 Scipio
597 1534 688 1589 puppe
698 1518 838 1589 profatur:

146 1609 217 1662 Dive
229 1606 443 1677 tridentipotens,
455 1607 532 1673 cujus
541 1608 626 1660 maria
637 1606 677 1659 ire
688 1623 737 1678 per
748 1607 805 1661 alta

145 1698 284 1762 Ordimur,
299 1695 319 1748 si
329 1697 402 1762 justu
413 1713 489 1765 paro,
499 1696 642 1749 decurrere
652 1694 732 1748 classi

146 1786 199 1850 Da,
213 1795 301 1855 pater‚.
309 1801 339 1837 ac
351 1795 455 1838 nostros
467 1799 500 1836 ue
512 1799 606 1853 sperne
615 1784 713 1850 juvare
724 1783 841 1838 labores.

145 1875 198 1926 Per
208 1884 322 1944 pontum
335 1873 378 1943 pia
388 1873 461 1926 bella
472 1872 555 1926 veho.
574 1873 655 1926 Levis
665 1871 727 1925 inde
737 1873 855 1927 secunda

145 1962 278 2032 Aspirans
289 1979 355 2015 aura
366 1961 492 2033 propellit
502 1952 612 2016 carbasa
625 1962 719 2015 flatus:

145 2052 257 2120 Jamque
269 2049 360 2120 agiles,
374 2049 519 2119 Tyrrhena
530 2059 625 2104 sonant
639 2067 690 2118 qua
701 2049 813 2117 caerula,
825 2066 926 2123 puppes

145 2137 299 2191 Ausonium
311 2154 419 2191 evasere
430 2138 510 2205 latus,
528 2138 713 2209 Ligurumque
724 2138 813 2192 citatis

145 2227 238 2280 Litora
249 2227 400 2281 tramittunt
413 2228 510 2298 proris.
529 2228 600 2282 Hinc
612 2228 720 2298 gurgite
731 2229 766 2282 ab
778 2229 837 2285 alto

144 2315 287 2370 Tellurem
298 2317 394 2387 procul
405 2317 599 2385 irrumpentem
611 2318 638 2369 in
650 2316 736 2370 sidera
748 2327 880 2386 cernunt,·
915 2323 919 2333 “

145 2406 350 2476 AeriasAlpes.
372 2407 528 2459 Occurrunt
542 2405 642 2460 moeniu
654 2406 747 2472 Grajis

144 2492 269 2555 Condita,
282 2491 421 2546 Massiliae.
442 2494 552 2564 Populis
564 2494 622 2548 haec
632 2493 719 2548 cincta
730 2494 865 2566 superbis,

144 2582 279 2634 Barbarus
292 2582 401 2635 immani
417 2599 480 2636 cum
492 2582 597 2636 territet
607 2582 697 2637 accola
710 2583 775 2649 ritu,

144 2670 273 2736 Antiquae
284 2687 387 2723 morem
400 2671 492 2742 patriae
504 2671 661 2742 cultumque
674 2671 854 2744 habitumque

145 2755 255 2809 Phocais
266 2758 405 2812 armiferas
418 2759 488 2813 inter
499 2770 572 2814 tenet
584 2761 689 2834 hospita
700 2771 803 2832 gentes.

142 2845 213 2897 Hinc
225 2845 290 2914 legit
302 2849 441 2901 Ausonius
453 2850 570 2903 sinuatos
580 2850 686 2920 gurgite
699 2849 798 2903 ductor

143 2933 291 2996 Anfractns
302 2935 400 3006 pelagi.
420 2939 570 2994 Nemoroso
582 2937 682 2991 vertice
693 2937 783 3000 celsus
814 2977 818 2986 .
