2010 3450
265 295 357 337 nrrra
376 295 443 335 xvr.
479 295 509 334 v.
521 293 670 348 475-ι-ςο4.
819 284 867 351 ¹⁸5

82 401 184 469 retabis,
197 410 278 472 atque
289 401 399 454 aderant
411 397 508 470 trepidi
518 397 616 468 pietate
628 404 762 468 parentes.
801 397 803 402 ’

80 495 139 546 .'um
152 491 261 554 Lamus,
273 500 300 542 et
313 487 418 552 Sicoris,
434 486 523 557 proles
535 485 643 539 bellacis
656 484 765 550 llerdae,

80 580 101 632 :t
112 577 227 633 Theron
240 586 347 648 potator
357 592 444 645 aquae,
459 575 510 628 sub
520 574 629 626 nomine
641 573 739 627 lethes

80 673 136 742 ωε
149 665 220 732 fluit,
235 663 385 717 immemori
398 660 579 732 perstringens
590 662 696 732 gurgite
708 661 789 732 ripas.

80 756 134 830 Qi,
147 759 299 824 postquam,
312 749 408 804 arrecti
421 749 519 819 plantis
529 759 556 802 et
568 759 676 819 pectora
687 749 776 818 proni,

80 843 261 912 'ulsantesque
274 848 341 893 aestu
352 837 464 891 laudum
475 835 636 890 exsultantia
647 837 738 902 corda,

80 932 206 1001 lccepere
218 928 285 982 tuba
296 924 421 997 spatium,
433 922 567 977 exsiluere
579 939 628 994 per
639 940 718 977 auras

80 1019 152 1073 )cius
163 1016 255 1071 effusis
267 1032 350 1070 nervo
360 1014 522 1069 exturbante
535 1014 647 1086 sagittis.

80 1107 185 1161 Jiversa
196 1115 223 1158 et
234 1104 323 1158 studia
334 1113 361 1156 et
373 1102 484 1168 clamor,
498 1102 667 1174 pendentque
678 1104 798 1159 faventes

80 1195 229 1267 Jnguibus;
248 1203 330 1264 atque
342 1210 414 1258 suos,
427 1202 458 1245 ut
469 1191 565 1259 cuique
576 1201 617 1244 est
629 1192 722 1262 gratia,
734 1193 822 1246 anheli

80 1283 187 1341 bomine
198 1298 307 1353 quemq;
319 1281 399 1334 cient.
424 1281 502 1334 Grex
514 1279 622 1332 inclitus
635 1296 742 1350 aequore
755 1281 852 1350 fertur,

80 1368 340 1440 ‚lunaque‘tramissa
350 1367 462 1439 vestigia
473 1367 558 1438 signat
571 1385 659 1420 arena.

80 1458 175 1511 >mnes
186 1455 319 1527 primaevi,
334 1455 512 1526 llaventiaque
523 1472 571 1508 ora
581 1455 681 1522 decori,

80 1546 175 1599 Omnes
187 1545 225 1597 ire
237 1543 323 1607 leves,
332 1555 412 1614 atque
423 1559 516 1596 omnes
524 1543 631 1597 vincere
642 1545 726 1615 digni.

80 1632 192 1697 Extulit,
204 1631 361 1685 incumbens
373 1631 460 1683 medio
469 1631 525 1696 jam
537 1630 631 1697 limite,
644 1648 766 1702 gressum

80 1723 204 1792 Eurytus,
218 1731 244 1774 et
256 1721 359 1792 primus
370 1720 509 1786 brevibus,
523 1721 568 1774 sed
579 1722 690 1790 primus,
703 1721 794 1777 abibat
872 1732 874 1736 '

80 1811 232 1865 Praecedens
245 1808 345 1880 spatiis.
365 1810 515 1877 Instat-non
528 1809 634 1879 segnius
645 1826 707 1865 acer

80 1899 220 1969 Hesperos,
233 1913 264 1950 ac
277 1896 364 1967 prima
376 1896 481 1966 stringit
494 1896 604 1966 vestigia
615 1898 704 1967 planta
771 1924 776 1933 =

80 1985 228 2057 Progressa
239 1984 328 2038 calcis.
348 1985 410 2037 satis
422 1995 462 2037 est
473 1984 535 2037 huic
547 2000 602 2037 esse
613 1986 712 2055 priori;

80 2074 149 2127 Huic
160 2088 265 2143 sperare
278 2082 317 2126 sat
327 2082 377 2138 est,
390 2072 448 2128 fieri
460 2088 487 2124 se
499 2089 575 2140 posse
587 2074 713 2142 priorem.

80 2161 179 2214 Acrius
191 2160 243 2214 hoc
255 2161 370 2214 tendunt
382 2177 497 2231 gressus,
510 2159 645 2230 animique
655 2161 749 2233 vigore

80 2248 201 2318 Corpora
213 2258 307 2319 agunt.
326 2258 405 2318 auget
417 2247 506 2318 pueris
518 2247 595 2301 labor
607 2248 663 2319 ipse
674 2249 809 2304 decorem.

80 2338 160 2403 Ecce,
174 2338 228 2390 levi
240 2337 299 2390 nisu
313 2348 500 2406 postremoque
512 2335 617 2407 agmine
627 2352 747 2403 currens,

80 2426 227 2496 Postquam
239 2436 280 2479 sat
292 2424 365 2478 visus
378 2426 428 2479 sibi
440 2425 590 2496 concepisse
603 2424 712 2496 vigoris,

81 2515 178 2569 Celsus
190 2515 361 2568 inexhaustas
372 2514 485 2567 effundit
497 2513 605 2566 turbine
616 2512 687 2566 vires

82 2605 145 2657 Non
157 2612 323 2674 exspectato,
336 2602 492 2669 subitusque
504 2603 630 2672 erumpit,
643 2612 670 2654 et
682 2618 760 2656 auras

81 2690 252 2745 Praevehitur
263 2690 385 2744 Theron.
405 2691 497 2744 credas
510 2691 650 2760 Cyllenida
662 2691 781 2763 plantam

82 2780 217 2836 AEthereo
228 2780 304 2833 nexis
314 2798 395 2835 cursu
406 2781 536 2834 talaribus
545 2781 594 2833 ire.

82 2871 196 2942 Jamque
207 2870 268 2935 hos,
278 2870 388 2941 jamque
399 2870 471 2934 illos,
483 2868 584 2940 populo
596 2869 719 2936 mirante,
733 2871 878 2947 relinquite

84 2960 130 3028 Et,
143 2959 225 3019 modo
237 2970 398 3035 postremus,
411 2974 482 3016 nunc
494 2958 587 3014 ordine
599 2958 677 3016 tertia
687 2957 786 3034 palma,
