2010 3450
138 282 172 331 30
372 275 461 316 nisan
475 276 519 315 xi.
555 279 584 333 vt
599 277 711 329 25-54·

138 386 199 452 Jam
211 399 285 448 vero,
297 381 406 434 Eridani
417 380 610 434 tumidissimus
619 383 717 447 accola,
732 383 818 437 Celtae

139 472 290 524 Incubuere
301 469 377 522 malis
390 468 501 534 ltalllm,
513 479 671 538 veteresque
684 470 783 524 doloris

138 559 211 611 Tota
223 574 249 609 se
261 555 346 609 socios
359 554 537 626 properarunt
545 558 660 626 jungere
672 558 753 611 mole.

85 638 89 643 ”
139 646 191 698 Sed
203 644 242 697 fas
254 644 280 696 id
294 642 388 707 Celtis,
402 643 440 696 fas
449 643 531 714 impia
541 645 613 697 bella
622 645 723 698 referre

139 733 268 798 Bojorum
280 731 361 783 fuerit
373 731 489 802 populis.
509 731 643 802 Capuaene
654 733 784 798 furorem,

139 827 228 893 Qem
241 822 375 872 Senonum
386 819 469 890 genti,
483 819 628 888 placuisse?
647 831 674 874 et
686 823 813 875 Dardana
824 824 859 876 ab
871 834 933 881 ortu
967 866 969 870 ι

139 909 245 964 Moenia
254 908 396 962 barbarico
407 909 560 961 Nomadum
573 909 670 962 sociata
678 891 799 979 tyranno

139 999 279 1070 Qunam,
292 1007 396 1051 mutato
404 1007 509 1049 tantum
520 1013 591 1050 nunc
600 1007 730 1068 tempore,
742 997 851 1052 eredat?
932 1006 935 1011 '

138 1088 241 1150 Luxus,
254 1096 281 1138 et
292 1084 391 1140 insanis
401 1084 503 1138 nutrita
512 1083 619 1154 ignavia
630 1084 732 1149 lustris,

138 1177 355 1241 Consumtusque
366 1173 455 1244 pudor
466 1172 609 1242 peccando,
623 1171 738 1242 unisque
749 1162 858 1226 relictus
906 1183 911 1196 ‘
931 1185 934 1188 ’

138 1261 246 1316 Divitiis
258 1261 403 1332 probrosus
415 1259 512 1323 honor,
526 1259 659 1314 lacerabat
666 1260 790 1315 hiantem
825 1308 826 1312 ,

137 1350 245 1404 Desidia
256 1349 398 1419 populum,
410 1366 442 1402 ac
454 1349 598 1401 resolutam
610 1347 713 1418 legibus
725 1347 833 1403 urbem.

136 1445 249 1512 Insuper
261 1441 343 1494 exitio
353 1440 506 1493 truculenta
517 1437 642 1508 superbia
651 1438 755 1508 agebat.

136 1534 193 1585 Nec
203 1525 274 1583 uitiis
284 1530 394 1582 deerant
405 1528 488 1581 vires.
507 1544 561 1581 non
573 1526 673 1598 largior
684 1526 735 1580 ulli

135 1618 265 1671 Ausoniae
276 1617 376 1688 populo
391 1616 441 1686 (sic
453 1626 511 1669 turn
522 1616 631 1670 fortuna
642 1616 764 1684 fovebat)

136 1708 260 1777 Aurique
272 1707 429 1778 argentique
440 1705 550 1759 modus:
572 1694 720 1760 madefacta
730 1722 834 1760 venenu

135 1795 247 1864 Assyrio
259 1794 377 1850 maribus
388 1794 480 1858 vestis,
493 1794 634 1861 medioque
643 1794 749 1848 dierum

134 1883 249 1952 Regales
258 1883 358 1954 epulae‚
370 1894 450 1954 atque
461 1893 525 1934 ortu
536 1882 660 1936 convivia
671 1883 734 1936 solis

136 1973 284 2041 Deprensa,
297 1982 323 2024 et
333 1971 407 2024 nulla
416 1970 523 2024 macula
535 1988 588 2023 non
601 1969 669 2023 illita
680 1971 745 2024 vita.

134 2061 210 2114 Tum
223 2060 322 2131 populo
334 2060 405 2113 servi
419 2060 520 2124 Patres,
533 2059 679 2130 plebesque
691 2061 803 2114 Senatus

134 2148 240 2203 Invidia
251 2149 323 2212 laeta,
335 2160 363 2202 et
374 2149 504 2202 collidens
518 2149 625 2202 dissona
636 2149 718 2202 corda

90 2298 93 2304 1
135 2237 244 2290 Seditio.
265 2239 316 2291 Sed
328 2237 401 2290 enim
412 2237 514 2290 interea
526 2237 666 2291 temeraria
678 2236 758 2308 pubis

134 2323 238 2378 Delicta
250 2326 374 2396 augebat,
388 2324 517 2395 pollutior
529 2325 595 2394 ipsa,
609 2335 739 2379 senectus.

132 2415 200 2478 Nec,
212 2431 280 2483 quos
292 2414 347 2466 vile
357 2431 442 2484 genus
453 2414 627 2483 despectaque
640 2414 707 2468 lucis
717 2414 794 2486 origo

132 2502 272 2566 Foedabat‚
286 2519 392 2572 sperare
404 2504 453 2557 sibi
466 2515 493 2557 et
504 2506 647 2573 deposcere
658 2505 738 2576 primi

133 2591 251 2644 Deerant
262 2590 373 2662 imperia
385 2609 415 2645 ac
426 2593 519 2662 patriae
532 2592 668 2663 pereuntis
679 2593 806 2645 habenas.

133 2680 208 2755 Qin
219 2681 299 2733 etiam
311 2681 460 2734 exhilarare
472 2681 537 2734 viris
547 2681 672 2734 convivia
683 2682 757 2735 caede

131 2767 198 2819 Mos
209 2767 284 2831 olim,
297 2778 324 2820 et
334 2769 444 2822 miscere
455 2769 541 2838 epulis
554 2768 702 2838 spectacula
714 2768 772 2822 dira
802 2778 806 2785 '

132 2854 291 2913 Certanturn
302 2854 390 2920 ferr03
411 2873 480 2926 saepe
491 2866 518 2909 et
530 2871 610 2925 super
619 2856 675 2926 ipsa
687 2859 831 2911 cadentum

132 2940 241 3010 Pocula,
255 2943 379 3013 respersis
390 2959 445 2996 non
453 2961 538 3016 parco
551 2945 680 3016 sanguine
691 2945 798 3000 mensis.
815 2981 820 2989 ·
905 2958 909 2964 ·
