2010 3450
313 266 406 309 oron
424 269 494 311 ¹111.
530 271 560 310 v.
574 261 721 324 534-563·

108 372 259 440 Gentibus,
270 382 298 428 et
309 372 409 445 primas
420 371 570 429 fundimur
582 375 717 440 moenibus
727 377 819 432 urbes.

109 464 206 520 Tertia
217 462 351 518 mricolas
364 462 477 528 Cereris,
485 463 631 528 justissima
642 466 722 519 turba

885 279 918 331 9⁹

110 557 181 628 Qae
192 553 269 606 venit
281 552 316 606 ad
328 568 428 618 manes,
441 562 469 604 et
481 551 608 606 fraudum
620 553 702 609 illaesa
714 570 829 609 veneno.
887 607 890 615 ,

108 641 191 706 Exin,
205 640 254 712 qui
266 640 342 694 laetas
353 649 423 692 artes
435 639 551 710 vitaque
564 641 681 695 colendae

106 731 241 783 Invenere
253 728 335 793 viam,
349 744 398 782 nec
409 727 577 799 dedignanda
589 729 692 797 parenti

107 817 238 872 Carmina
249 817 381 871 fuderunt
392 816 507 882 Phoebo,
522 835 568 871 sua
580 818 671 872 limina
682 831 800 874 servant.

107 906 248 970 Proxima,
261 923 330 976 quos
341 905 414 959 venti
427 923 558 977 saevaeque
571 906 682 961 hausere
694 909 828 979 procella,

104 993 246 1064 Naufraga
259 1004 338 1062 porta
349 994 434 1065 rapit,
455 995 490 1048 sic
504 994 579 1048 illam
591 997 697 1049 nomine
709 997 811 1050 dicunt.

107 1084 235 1141 Finitima
243 1082 317 1147 huic,
332 1099 402 1135 noxa
412 1082 525 1154 gravido
536 1092 563 1136 et
575 1082 696 1154 peccasse
706 1084 811 1150 fatenti,

105 1173 188 1228 Vasta
199 1182 273 1243 patet
285 1171 395 1243 populo.
414 1189 507 1243 poenas
518 1172 737 1226 Rhadamanthus
748 1175 776 1228 in
787 1177 845 1245 ipso

104 1261 218 1335 Expetit
230 1261 353 1326 introitu,
366 1271 535 1332 mortemque
546 1272 653 1315 exercet
664 1262 780 1317 inanem.

107 1353 226 1424 Septima
237 1351 359 1406 femineis
367 1361 501 1405 reseratur
512 1362 590 1421 porta
601 1352 724 1417 catervis,

105 1445 258 1499 Humentes
269 1442 317 1495 ubi
328 1451 401 1494 casta
413 1440 487 1494 fovet
500 1441 659 1510 Proserpina
669 1442 753 1495 lucos.

104 1532 247 1587 infantum
255 1531 319 1586 hinc
330 1530 465 1602 gregibus,
478 1546 623 1599 versasque
634 1530 667 1583 ad
679 1529 774 1583 funera
786 1529 868 1585 tedas

104 1619 190 1674 Passis
202 1619 365 1690 virginibus,
378 1618 518 1686 turbaeque
530 1616 557 1669 in
571 1615 662 1669 limine
674 1614 740 1670 lucis

104 1708 154 1763 Est
165 1709 218 1763 iter
229 1707 379 1771 exstinctae,
392 1716 419 1759 et
430 1704 523 1775 vagitu
531 1704 614 1770 janua
625 1712 698 1757 nota.

102 1796 188 1862 Tum,
202 1796 312 1850 seducta
322 1795 392 1858 loco,
404 1803 431 1846 et
443 1792 532 1845 laxata
543 1792 631 1846 lucida
643 1803 731 1858 nocte,

104 1885 231 1939 Claustra
239 1884 334 1948 nitent,
348 1899 410 1952 quae
422 1880 515 1934 secreti
528 1898 576 1950 per
586 1880 677 1934 limitis
690 1882 813 1935 umbram

101 1974 207 2046 Elysios
216 1973 321 2027 ducunt
333 1987 448 2039 campos.
467 1968 514 2023 hic
525 1969 607 2023 turba
616 1969 733 2039 piorum,

102 2064 158 2118 Nec
167 2060 260 2132 Stygio
272 2060 299 2112 in
311 2076 404 2130 regno,
416 2058 478 2113 coeli
489 2076 538 2112 nec
551 2068 626 2128 posta
637 2059 686 2112 sub
697 2077 762 2113 axe:

101 2149 215 2214 Verum,
229 2147 302 2200 ultra
311 2147 449 2200 Oceanum
461 2164 536 2200 sacro
549 2148 715 2221 contermina
726 2148 805 2216 fonti,

103 2238 226 2292 Lethaeos
238 2246 313 2308 potat
325 2236 423 2301 latices,
437 2235 539 2289 oblivia
551 2236 656 2289 mentis.

101 2326 316 2391 Extremahinc,
330 2343 397 2379 auro
408 2324 524 2396 fulgens,
534 2326 592 2392 jam
603 2323 669 2378 lucis
680 2325 811 2380 honorem

102 2416 197 2481 Sentit,
209 2424 236 2468 et
247 2416 358 2468 admoto
369 2413 489 2482 splendet
501 2429 551 2466 ceu
563 2413 647 2465 sidere
659 2412 742 2466 lunae.

100 2508 158 2560 Hac
168 2505 265 2559 animae
273 2504 375 2559 coelum
387 2513 528 2575 repetunt;
548 2521 588 2567 ac,
604 2502 677 2554 mille
689 2502 812 2572 peractis,

99 2579 201 2648 oilitae
213 2593 307 2647 Ditem
318 2593 432 2645 redeunt
443 2593 471 2645 in
482 2609 606 2662 corpora,
620 2591 720 2645 lustris.

100 2685 156 2738 Has
166 2683 266 2755 passim
278 2680 387 2751 nigrum
399 2683 515 2751 pandens
528 2683 608 2734 Mors
619 2680 706 2733 lurida
716 2681 814 2737 rictum

99 2773 176 2841 itque
188 2771 313 2840 reditque
324 2768 390 2834 vias,
404 2778 430 2821 et
443 2769 527 2839 portis
539 2769 664 2823 omnibus
675 2777 756 2823 errat.

98 2858 172 2913 Tum
180 2859 254 2926 jacet
266 2857 295 2910 in
308 2855 423 2925 spatium
435 2857 490 2911 sine
502 2872 615 2927 corpore
625 2854 701 2925 pigra
712 2873 822 2930 vorago,

98 2944 252 3018 limosique
264 2943 355 2998 lacus:
373 2941 426 2999 late
435 2943 634 3003 exundantibus
643 2943 698 2998 urit
