2010 3450
97 232 132 284 ῃ
346 226 437 269 um
457 225 501 266 xl.
538 220 730 280 vum-414.

99 337 192 404 Atque
205 334 300 390 eadem
310 332 374 388 vitae
385 342 475 388 custos
486 349 550 386 mox
562 332 660 387 deinde
673 332 764 401 quieto

100 420 216 491 Accepit
227 419 307 476 tellus
317 435 377 473 ossa
388 418 518 472 inviolata
529 417 662 489 sepulcro.

100 512 158 566 Nec
170 508 304 563 Venerem
315 507 415 560 interea
427 507 497 578 fugit
508 505 661 578 exoptabile
673 516 779 578 tempus

101 599 249 663 Poenorum
260 605 362 649 mentes
373 610 444 649 caeco
458 611 505 665 per
516 594 578 647 laeta
590 595 727 665 premendi

102 685 205 750 Exitio,
218 695 245 738 et
257 682 325 737 luxu
337 682 419 736 corda
429 682 584 753 importuna
594 683 731 737 donandi.

103 779 233 848 Spargere
243 774 297 829 tela
309 791 391 828 manu
402 773 501 843 passim
511 773 632 828 fallentia
643 774 711 829 natis

101 867 232 936 Imperat,
244 874 271 917 et
283 863 375 916 tacitas
386 863 414 916 in
427 872 537 932 pectora
544 863 651 917 mittere
663 863 795 919 flammas.

100 955 178 1008 Tum
185 952 278 1024 ,pueris
286 952 366 1005 dulce
377 952 511 1005 arridens:
526 952 578 1005 Eat
589 953 715 1023 improba
723 955 806 1021 luno,

101 1042 139 1097 Et
151 1058 199 1095 nos
212 1046 274 1111 (nec
282 1039 393 1106 mimm,
407 1040 471 1110 quid
483 1040 693 1108 enimomnes)
706 1051 767 1094 acta
777 1042 901 1098 secundis

102 1129 248 1200 Despiciat.
262 1128 343 1183 Valet
354 1128 400 1182 illa
412 1144 503 1192 manu,
516 1128 589 1183 valet
600 1127 648 1182 illa
659 1127 780 1182 lacertis:

102 1219 221 1289 Parvula
232 1233 281 1272 nos
291 1234 357 1272 arcu
369 1216 466 1289 puerili
478 1216 580 1288 spicula
591 1216 689 1270 senum

102 1307 265 1372 Fundimus3
280 1305 302 1360 it
311 1305 401 1360 nullus
413 1314 506 1359 nostro
516 1305 551 1358 de
562 1304 675 1360 vulnere
686 1305 804 1376 sanguu.

101 1395 216 1459 Verum,
223 1395 303 1466 agite,
311 1411 328 1447 o
335 1410 394 1447 mea
399 1393 489 1458 turba,
495 1410 600 1464 precor,
607 1410 679 1448 nunc
685 1403 801 1465 tempus,
811 1395 910 1463 adeste,

101 1485 139 1540 Et
149 1483 264 1555 Tyriam
274 1483 373 1554 pubem
385 1478 470 1536 tacitis
481 1483 586 1536 exurite
598 1480 668 1536 telis.

101 1573 251 1643 Amplexu,
264 1570 403 1638 multoque
414 1584 499 1637 mero,
513 1586 657 1638 somnoque
670 1569 793 1626 virorum

102 1660 275 1732 Profliganda
286 1659 364 1723 acies,
374 1675 454 1728 quam
464 1675 517 1712 non
530 1658 691 1730 perfregerit
702 1660 782 1728 ensis,

101 1752 165 1806 Non
176 1750 260 1821 ignes,
274 1767 327 1803 non
340 1748 463 1803 immissis
476 1750 614 1804 Gradivus
626 1751 746 1805 habenis.

103 1838 248 1893 Combibat
259 1838 475 1909 illapsosductor
485 1837 646 1908 perviscera
659 1839 750 1906 luxus,

102 1928 159 1982 Nec
168 1927 267 1997 pudeat
279 1927 351 1997 picto
363 1925 465 1981 fultum
473 1927 586 1992 jacuisse
597 1927 691 1993 cubili,

102 2017 160 2071 Nec
171 2015 273 2070 crinem
285 2015 400 2085 Assyrio
412 2014 574 2083 perfundere
587 2025 688 2087 pugnet
705 2032 824 2070 amomo.

102 2102 154 2157 Ille
167 2103 218 2156 sub
230 2103 344 2157 hiberno
355 2120 462 2157 somnos
474 2103 588 2156 educere
598 2103 669 2157 coelo

100 2190 233 2261 Jactatus,'
244 2193 322 2248 tectis
333 2193 408 2246 malit
419 2209 577 2247 consumere
589 2203 690 2246 noctes.

103 2284 147 2334 Ac
159 2293 240 2351 ponat
252 2281 320 2336 ritus
331 2282 464 2346 vescendi,
477 2300 547 2354 saepe
559 2283 641 2336 citato

100 2367 178 2423 Dum
189 2369 286 2423 residet
298 2369 348 2422 sub
359 2370 458 2424 casside
469 2387 549 2441 equo,
562 2371 698 2442 discatque
710 2374 791 2443 Lyaeo

101 2457 245 2520 Imbellem
257 2460 356 2515 donare
367 2459 449 2513 diem.
469 2470 528 2513 tum
540 2459 765 2515 deindemadenti

102 2542 167 2597 Post
178 2545 273 2617 epulas
282 2546 316 2599 sit
327 2558 403 2617 grata
411 2546 513 2617 chelys,
525 2548 666 2619 segnisque
679 2566 798 2620 soporas,

101 2633 162 2687 Aut
175 2643 266 2687 nostro
277 2633 372 2704 vigiles
382 2635 463 2690 ducat
476 2636 526 2689 sub
537 2635 646 2690 numine
659 2649 760 2692 noctes.

101 2723 168 2777 Haec
180 2731 320 2793 postquam
332 2725 434 2789 Venus,
448 2723 586 2796 applaudit
597 2724 723 2793 lascivus,
735 2737 763 2780 et
774 2726 830 2782 alto

101 2809 625 2872 Mittitsecoeloniveisexercitusalis.
769 2879 773 2886 ἱ

101 2896 187 2950 Sentit
199 2897 371 2953 flammiferas
382 2900 468 2971 pubes
481 2901 621 2955 Maurusia
633 2918 745 2972 pennas,
777 2900 784 2915 “’
