2010 3450
459 295 567 336 rora.
867 285 918 348 ²⁶³

110 407 244 477 Saguntos
262 403 343 458 iwrio
358 401 469 470 Iunoni,
486 403 528 454 11.
550 405 612 468 526.
649 399 802 455 Hasdrubal
826 400 920 454 inuisus

109 497 208 562 Marti,
222 513 314 566 supra,
328 501 386 559 148.
404 491 495 563 (Les.)

34 653 35 656 Ἴ
144 603 207 651 44²·
226 582 335 654 Sarnus]
352 581 437 652 Vulg.
448 580 544 636 Sarrt's.
577 579 649 634 Edd.
663 579 753 632 Parm.
765 586 794 630 et
806 576 914 647 Gryph.

108 674 192 728 Sani.
230 672 283 724 Ed.
304 669 392 724 Marsi
409 669 487 722 Satis.
527 668 599 722 Cod.
615 668 676 721 Put.
698 667 787 721 Saum.
820 664 915 719 Heins.

109 762 215 826 Sarnus,
232 758 346 812 alluvio
359 757 445 811 Italiae
456 757 605 812 dedictum
616 773 733 811 nomena
751 755 826 827 quod
841 753 917 819 Silio,

111 858 143 902 ut
158 864 238 918 supra
251 847 384 899 monitum
395 856 444 911 est,
458 845 597 898 sollemne.

144 940 207 1002 456.
227 936 301 1008 sedit]
319 935 490 1005 Vulg.sodit.
505 935 552 986 sed
567 933 646 998 male,
664 943 695 986 ut
703 934 762 999 jam
772 932 837 985 olim
849 930 919 984 vidit

112 1022 378 1078 Barthius.-Heins.
392 1023 455 1075 hinc
472 1022 575 1094 aliquid
591 1022 720 1075 excidisse
732 1031 820 1091 putat.
846 1020 916 1072 Scri-

110 1113 145 1166 be
158 1129 222 1164 cum
234 1110 294 1163 Lei.
309 1110 419 1162 minima
430 1108 578 1162 mutatione
590 1110 660 1161 sedit.
679 1109 736 1162 vid.
751 1110 893 1161 v11.⁶06.

144 1203 206 1264 461.
228 1198 338 1268 Averno]
356 1216 413 1250 vero
423 1197 524 1267 scripti.
545 1195 582 1249 Nl
593 1196 722 1262 fallimur,
737 1207 843 1268 praestat
855 1211 919 1250 cum

110 1286 224 1343 Heinsio
236 1301 367 1353 reponere
381 1284 486 1337 Averno.

145 1379 207 1439 463.
228 1373 339 1424 revocari
357 1370 483 1425 Heinsius
509 1372 615 1444 probat,
635 1389 689 1426 non
709 1391 830 1439 revocare,
852 1373 914 1427 lect.

120 1462 213 1530 script.

145 1554 208 1614 466.
230 1546 363 1601 Cellarius
382 1547 490 1600 inimicus
506 1557 533 1599 et
550 1559 640 1602 aterna
657 1548 853 1620 legit.—Vulg.
868 1549 916 1602 ini.

111 1640 174 1695 mica
186 1648 213 1690 et
224 1650 324 1692 aterna.
337 1638 409 1690 Dan.
425 1645 452 1689 et
468 1635 528 1690 Nic.
542 1636 634 1691 Heins.
649 1639 784 1694 inimicaret
796 1648 917 1694 artemam·

112 1728 191 1799 Elige
204 1728 297 1781 lector.

95 1812 114 1853 ⁵⁹
146 1832 209 1880 472.
231 1814 424 1866 doloresOxon.
453 1812 511 1865 Alii
523 1813 632 1867 dolorem.

147 1910 210 1968 485.
232 1901 321 1955 Codd.
333 1902 386 1953 Ox.
399 1910 426 1953 et
441 1900 516 1953 Tell.
530 1900 595 1953 item
607 1901 660 1954 Ed.
674 1903 813 1972 Pomponii
826 1911 853 1954 et
868 1903 919 1955 Be.

113 2007 197 2044 nessae
209 2007 272 2043 cum
284 1988 420 2042 Parmensi
432 2000 472 2042 ast
483 1988 523 2041 hos
535 1989 672 2043 exhibent.
702 1990 760 2044 Alii
771 2001 842 2062 atque
851 1991 902 2044 hos.

148 2096 210 2147 549.
230 2078 324 2129 numine
334 2076 519 2148 castigandum
531 2079 635 2131 monuit
647 2079 740 2133 Heins.
773 2078 863 2150 Vulgo
879 2081 919 2132 lu-

111 2168 183 2220 mine.
220 2183 304 2219 cacum
321 2184 402 2218 numen
414 2164 465 2218 erit
484 2167 634 2233 occultatum,
647 2168 801 2239 incognitum,
820 2177 850 2219 ut
867 2175 920 2219 tes'.

112 2265 188 2308 tatur
209 2242 436 2310 Diale-Firma
457 2253 558 2309 Heinsii
578 2255 760 2324 conjecturam
781 2254 922 2325 Pomponii

113 2343 205 2397 editio.

149 2447 210 2497 554.
223 2429 396 2501 citati—equs]
408 2428 450 2482 sic
458 2429 649 2501 corrigendum
657 2447 720 2484 eum
727 2429 846 2488 Heinsio.
870 2429 922 2484 Uno

112 2520 185 2578 enim
196 2539 253 2592 equo
263 2519 414 2572 vehebatur
427 2518 571 2573 Hannibal.
601 2520 677 2575 Libri
690 2521 773 2574 citatis
782 2520 856 2592 equis.

150 2612 211 2674 556.
231 2609 308 2661 subito
319 2609 427 2679 occulte]
447 2608 489 2661 Sic
501 2609 644 2680 legendum
660 2627 676 2662 e
695 2609 814 2680 vestigiis
832 2608 921 2666 eodd.
973 2644 976 2650 -

115 2698 170 2749 Ox.
183 2705 210 2747 et
224 2695 286 2749 Put.
301 2696 379 2748 docet
390 2697 476 2750 Drak.
491 2698 519 2750 in
529 2697 627 2767 quibus
639 2699 716 2753 subito
728 2700 829 2753 occulta.
847 2697 920 2751 Pris-

114 2803 153 2839 cae
166 2783 297 2837 editiones
313 2784 394 2839 subita
410 2787 506 2838 occulto.
527 2786 614 2842 Drak.
628 2788 712 2841 subite
723 2788 811 2841 occulto
821 2785 849 2843 in
861 2796 921 2854 tex.

116 2882 147 2925 tu
161 2868 282 2923 exhibet.

150 2963 214 3026 562.
223 2958 300 3037 fato]
325 2959 392 3014 Haec
411 2960 488 3016 nobis
508 2978 574 3020 vera
590 2963 671 3020 lectio
691 2964 809 3023 videtur.
848 2963 924 3024 Libri
