2010 3450
151 251 185 320 9⁶
353 262 444 302 ursan
463 263 533 302 1111.
569 265 599 301 v.
609 262 758 314 444-473.

153 367 265 433 Dissice,
275 369 341 421 dum
352 378 431 422 castae
442 367 570 438 procedat
581 366 669 438 imago
680 363 800 435 Sibyllae.

152 458 259 509 Interea
268 473 356 520 cerne,
369 465 399 509 ut
410 473 517 526 gressus
529 454 667 509 inhumata
675 454 769 508 citatos

152 546 216 598 Fert
228 545 333 610 umbra,
347 554 373 597 et
385 555 511 616 properat
524 555 614 599 tecum
625 544 789 613 conjungere
800 541 888 596 dictas
934 599 937 609 ,

153 632 205 685 Cui
218 633 298 686 datur
310 642 370 685 ante
381 641 453 685 atros
462 632 579 686 absumti
590 631 710 701 corporis
721 630 805 702 ignes,

153 720 286 792 Sanguine
297 717 445 786 non‘tacto,
459 720 551 774 solitos
562 720 699 773 effundere
710 735 799 773 voces.

60 839 63 845 ·
124 857 126 861 .
153 808 268 876 Aspicit,
282 818 308 861 et
320 808 407 861 subito
420 809 543 862 turbatus
557 807 644 878 Scipio
656 807 726 872 visu,
740 834 743 841 ·

59 926 97 957 ψ·
153 896 273 970 Qinam
283 907 319 961 te,
333 895 378 966 qui
391 913 477 962 casus,
493 896 539 960 ait,
555 896 611 949 dux
624 896 749 961 maxime,
762 894 839 948 fessae

152 983 259 1054 Eripuit
271 982 378 1052 patriam
395 1000 458 1037 cum
469 981 535 1035 tales
546 982 654 1036 horrida
663 991 774 1053 poscant

153 1070 228 1125 Bella
239 1070 327 1125 viros?
346 1086 394 1125 nec
405 1070 478 1124 enim
485 1071 581 1125 dextra
590 1070 750 1125 concesserit
761 1069 812 1123 ulli
913 1138 916 1142 ,

153 1159 269 1230 Appius,
281 1169 328 1213 aut
339 1169 408 1214 astu.
433 1159 576 1212 Decimum
586 1158 635 1212 lux
648 1158 741 1212 retulit
751 1170 855 1224 ortum,

152 1247 191 1300 Ut
203 1257 238 1313 te,
252 1262 314 1300 cum
326 1246 419 1318 Capua
430 1262 585 1312 remearem,
598 1246 712 1300 vulnera
723 1245 779 1300 vidi

154 1334 333 1402 Mulcentem,
346 1333 397 1388 hoc
409 1351 462 1388 uno
474 1343 611 1400 moestum,
625 1335 696 1402 quod
707 1333 781 1387 adire
793 1332 919 1405 nequires

153 1424 263 1477 Saucius
274 1423 308 1475 ad
320 1439 423 1488 muros,
435 1431 462 1475 et
470 1423 570 1477 Martis
581 1421 682 1475 honore
694 1437 808 1474 careres.

154 1512 256 1565 Contra
268 1528 328 1579 quae
337 1511 448 1564 ductor:
465 1512 544 1563 Fesso
555 1509 620 1564 mihi
632 1509 756 1581 proxima
767 1509 878 1564 tandem

154 1599 215 1653 ltux
226 1610 316 1671 gratos
326 1599 499 1653 Phaethontis
509 1615 592 1670 equos
603 1598 710 1664 avertit,
723 1607 751 1651 et
761 1599 829 1653 atris

154 1688 300 1742 AEternum
312 1687 416 1741 demisit
426 1687 512 1756 aquis.
533 1688 585 1741 Sed
595 1686 668 1740 lenta
677 1703 811 1754 meorum,
905 1706 908 1713 ·

153 1777 229 1832 Dum
240 1794 322 1831 vanos
334 1778 410 1843 ritus,
424 1794 498 1843 cura,
511 1785 538 1830 et
551 1777 688 1832 sollemnia
698 1778 776 1850 vulgi

152 1867 326 1936 Exsequitur,
339 1877 423 1922 cessat
436 1867 550 1921 dammis
557 1867 695 1938 imponere
705 1884 814 1938 corpus,
833 1868 836 1873 ’

151 1957 191 2011 Ut
202 1967 292 2029 portet
300 1957 410 2011 tumulis
421 1974 470 2027 per
481 1956 592 2028 longum
602 1957 724 2010 membra
734 1958 863 2028 paternis.

153 2045 234 2120 Qod
246 2056 273 2099 te
284 2062 332 2117 per
344 2045 428 2099 nostri
439 2044 537 2098 Martis
550 2061 646 2114 precor
657 2044 755 2098 aemula
766 2044 848 2113 facta,

152 2135 235 2199 Arce,
248 2151 310 2204 quae
320 2143 412 2205 putres
422 2143 506 2199 artus,
517 2126 700 2198 medicamina,
714 2144 837 2189 servant:

153 2223 247 2289 Daque
254 2237 327 2292 ,vago
339 2230 429 2291 portas
439 2220 640 2293 quamprimum
651 2222 912 2278 Acherontisadite.

152 2309 228 2362 Tum
236 2309 356 2375 juvenis:
373 2311 448 2380 Gens
460 2327 477 2363 o
488 2311 585 2365 veteris
595 2311 776 2382 pulcherrima
788 2312 892 2379 Clausi,

152 2398 233 2451 Haud
244 2396 300 2449 ulla
311 2409 371 2450 ante
383 2407 467 2463 tuam,
481 2415 635 2468 quanquam
648 2415 701 2452 non
713 2415 798 2468 parva
809 2397 932 2470 fatigent,

153 2486 287 2540 Curarum
299 2485 374 2557 prior
384 2486 525 2540 exstiterit.
544 2489 668 2557 Namque
680 2487 730 2540 ista
739 2503 789 2558 per
800 2504 901 2542 omnes·

154 2572 304 2626 Discrimen
317 2583 404 2627 servat
416 2575 538 2644 populos,
550 2574 689 2646 variatque
697 2575 837 2640 jacentum

151 2659 297 2729 Exsequias
308 2655 406 2715 tumuli
416 2673 444 2715 et
455 2662 574 2717 cinerum
586 2663 716 2717 sententia
726 2663 840 2719 discors.

149 2746 263 2800 Tellure
276 2752 320 2818 (ut
330 2748 485 2819 perhibent)
501 2750 522 2804 is
534 2767 592 2803 mos
602 2751 727 2819 antiquus
738 2752 830 2819 lbera,

148 2840 279 2893 Exanima
289 2841 573 2896 obscoenusconsumit
584 2859 698 2912 corpora
709 2842 816 2897 vultur.

149 2927 235 2998 Regia
244 2944 307 2983 cum
318 2927 407 2986 lucem
416 2938 565 3001 posuerunt
574 2930 703 2998 membra,
715 2930 864 3002 probatum
875 2941 927 2988 est-
