2010 3450
148 259 199 310 ¹54
357 255 448 296 uren
467 255 521 295 xv.
556 256 587 293 v.
600 257 750 310 445-474.

145 360 275 431 Excepit3
292 360 456 432 geminaeque
465 359 618 415 aciesvelut
630 361 719 416 omine
731 371 823 417 motae.
844 375 847 379 ’
886 374 904 393 ”

144 448 285 501 Exclamat
297 447 389 501 Latius
399 447 506 512 ductor,
521 446 611 501 Prima
623 449 709 503 hostia
718 449 807 514 vobis,

145 538 243 589 Sacrati
256 552 355 599 manes,
369 553 463 606 campo
472 537 552 602 jacet.
573 553 606 590 en
618 553 676 607 age,
692 536 779 602 miles,

142 628 176 678 In
189 643 307 697 pugnam
318 635 345 677 et
355 626 451 688 cades,
466 625 550 693 qualis
564 626 728 695 spirantibus
738 626 779 679 ire

143 714 277 767 Assudras
288 713 410 776 ducibus,
424 712 483 766 talis
495 730 553 766 rue.
581 713 708 783 Dumque
720 730 751 766 ea
762 714 846 780 fatur,

142 804 318 856 incumbunt.
338 802 489 870 Myconum
501 801 605 865 Laenas,
623 801 781 872 Cirtamque
795 803 913 867 latinus,

141 890 178 944 Et
190 890 347 959 Thysdrum
360 891 450 954 Maro,
464 899 491 942 et
503 889 633 943 incestum
646 889 763 944 Catilina
774 891 891 945 Nealcen

143 982 286 1033 Germanae
298 978 415 1031 thalamo
427 978 582 1032 obtruncat.
602 978 672 1031 cadit
684 979 783 1032 obvius
794 979 851 1035 acri

142 1068 274 1123 Karthalo
283 1066 402 1130 Nasidio,
416 1065 525 1135 Libyca
536 1077 662 1136 regnator
673 1081 773 1121 arenae.

141 1158 185 1211 Te
197 1172 302 1225 quoque
315 1156 431 1224 Pyrenes
442 1153 509 1206 vidit
521 1156 666 1209 conterrita
678 1154 758 1209 tellus

142 1245 311 1299 Permixtum
322 1241 421 1305 Poenis,
435 1254 461 1295 et
474 1242 521 1295 vix
534 1243 666 1296 credenda
678 1242 824 1310 furentem,

140 1335 276 1404 Magnum
288 1330 441 1395 Dardaniae,
455 1329 532 1395 Laeli,
545 1327 640 1395 decus3
657 1330 748 1384 omnia
759 1330 826 1388 felix

141 1424 194 1477 Cui
206 1433 301 1476 natura
313 1421 394 1485 dedit,
409 1419 485 1474 nullo
498 1430 627 1473 renuente
639 1421 773 1474 Deorum.

139 1511 191 1563 Ille
204 1510 262 1562 foro
273 1510 388 1572 auditus,
400 1525 464 1560 cum
476 1507 564 1561 dulcia
575 1507 692 1561 solverat
701 1525 761 1574 ora,

140 1598 279 1667 AEquabat
291 1596 373 1665 Pyliae
386 1595 479 1649 Neleia
490 1595 570 1647 mella
583 1605 706 1648 senectae.

139 1686 200 1750 Ille,
214 1685 261 1738 ubi
273 1685 391 1756 suspensi
404 1685 506 1747 Patres,
518 1693 545 1736 et
556 1682 632 1736 curia
643 1699 739 1736 vocem

139 1776 272 1839 Posceret,
284 1784 315 1825 ut
323 1782 413 1836 cantu,
426 1772 541 1825 ducebat
553 1771 635 1824 corda
647 1773 769 1824 Senatus.

138 1863 225 1924 Idem,
238 1879 300 1915 cum
311 1861 429 1913 subitum
440 1875 534 1927 campo
545 1859 737 1929 perstrinxerat
749 1876 828 1912 aures

138 1952 270 2004 Murmur
279 1949 354 2001 triste
366 1949 450 2011 tubae,
462 1956 537 2000 tanto
549 1945 655 1999 fervore
667 1946 763 1999 ruebat

137 2040 171 2089 In
184 2054 301 2108 pugnam
312 2047 391 2104 atque
402 2033 479 2098 acies,
492 2043 524 2087 ut
535 2044 629 2087 natum
640 2034 674 2086 ad
688 2033 744 2087 sola
755 2032 871 2104 liqueret

138 2125 228 2180 Bella:
247 2125 313 2178 nihil
321 2124 385 2177 vitae
396 2123 488 2193 peragi
500 2123 556 2176 sine
568 2122 647 2176 laude
659 2121 791 2193 placebat.

137 2215 219 2267 Tunc
231 2231 245 2266 e
258 2211 360 2264 furtiva
370 2219 528 2264 tractantem
539 2209 635 2280 proelia
646 2208 706 2263 luce

137 2301 242 2368 Dejecit
255 2301 363 2352 Galam.
383 2297 462 2351 sacris
475 2297 649 2369 Karthaginis
660 2295 740 2351 illum

138 2389 279 2459 Supposito
291 2399 375 2440 mater
387 2398 466 2458 partu
479 2387 643 2440 subduxerat
655 2386 732 2439 olim.

137 2480 188 2531 Sed
200 2488 269 2529 stant
283 2476 355 2529 nulla
366 2475 413 2528 diu
423 2473 541 2544 deceptis
552 2473 648 2544 gaudia
662 2474 752 2527 Divis.

134 2561 816 2631 TuncAlabim,Murrum,atq3Dracen‚demisitad
823 2563 934 2627 umbus,

135 2653 260 2706 Femineo
271 2651 387 2703 clamore
400 2651 506 2703 Dracen
518 2660 638 2702 extrema
650 2660 806 2720 rogantem:

133 2743 222 2807 Hujus
230 2739 362 2793 cervicem
372 2737 460 2809 gladio
471 2738 540 2790 inter
551 2737 635 2791 verba
647 2753 792 2807 precesque

134 2834 277 2899 Amputat.
297 2827 398 2880 absciso
410 2828 544 2880 durabant
555 2842 695 2880 murmura
706 2825 789 2880 collo.
856 2876 861 2881 .

133 2927 173 2980 At
185 2942 238 2980 non
250 2920 355 2976 ductori
368 2919 469 2991 Libyco
480 2935 529 2992 par
538 2917 620 2972 ardor
631 2917 659 2971 in
670 2916 762 2971 anuis.
