2010 3450
328 286 419 328 ttrrr
439 285 497 326 xrr.
532 290 724 344 nan-504.
893 277 929 343 §p

109 392 235 461 Namque
247 405 297 462 per
306 389 413 446 insidias
424 391 608 461 (inuadunt)
619 404 646 447 et
657 393 692 447 ab
700 391 805 462 hospite
816 407 924 467 cason·

110 478 285 548 colloquuta
296 491 323 532 et
335 479 464 550 promissa
476 482 544 551 petit
555 482 622 536 dum
634 481 736 552 perfida
744 480 833 553 gentis
914 524 926 540 ..

108 567 237 632 Lucanae,
247 568 399 633 Gracchus,
411 586 483 624 caeco
495 570 675 625 circumdatus
685 580 755 635 astu,

109 655 261 719 Occiderat,
273 652 434 726 laudemque
446 657 529 727 Libys
541 657 661 729 rapiebat
674 656 813 712 humandi.
923 681 927 689 ·

107 742 160 795 Sed
171 760 236 808 non,
247 752 277 796 ut
291 742 388 797 scitum
399 745 515 799 celerare
527 747 562 800 ad
573 746 672 800 moenia
685 747 809 810 Poenum,
911 767 915 774 ’

106 831 241 887 Adstabat
253 847 296 886 res
306 831 361 886 ulia
372 829 441 887 loco.
461 835 522 900 Jarn
536 832 638 886 Consul
652 839 778 903 uterque'

108 919 263 989 Praecipites
273 921 401 986 aderant,
421 921 544 976 Nolanis
555 921 653 986 omnis,
666 932 694 975 et
705 923 791 994 Arpis

106 1009 173 1062 AEvi
187 1009 312 1068 floridior
323 1009 422 1064 Fabius
434 1010 526 1082 rapida
537 1027 612 1064 artua
623 1009 739 1076 ferebat,

106 1099 176 1152 Hinc
188 1101 273 1165 Nero,
285 1107 312 1152 et
323 1097 386 1151 hinc
398 1098 522 1157 volucres
535 1098 639 1152 Silanus
651 1109 728 1153 nocte
738 1099 834 1168 dieque
910 1153 915 1165 ,

105 1185 266 1257 Impeliebat
276 1202 357 1258 agens
368 1195 511 1257 properata
522 1186 556 1244 ad
565 1185 637 1240 bella
647 1187 780 1241 cohortes.

103 1276 232 1346 Undique
241 1276 414 1339 conveniunt,
427 1274 578 1345 pariterque
588 1292 724 1348 opponere
733 1286 847 1331 cunctos
914 1293 920 1303 ·

104 1364 159 1417 Uni
170 1365 296 1418 ductores
305 1363 398 1430 juveni
409 1362 506 1434 placet.
526 1364 639 1418 Arduus
651 1365 708 1435 ipse

105 1453 198 1506 Tifata
209 1452 308 1517 insidit,
318 1453 429 1523 propior
441 1469 493 1523 qua
505 1453 640 1508 moenibus
650 1455 730 1509 instat

106 1541 200 1607 Collis,
213 1553 241 1595 et
251 1558 267 1594 e
279 1541 391 1595 tumulis
403 1542 550 1609 subjectam
560 1543 671 1614 despicit
684 1543 789 1599 urbem.

104 1631 208 1685 Verum
222 1629 283 1694 ubi,
293 1640 332 1683 tot
345 1645 400 1683 sese
410 1629 687 1684 circumfundentibus
696 1630 785 1696 armis,

104 1719 224 1773 vallatas
236 1717 340 1777 socium
352 1729 451 1789 portas,
464 1736 569 1788 unaque
581 1721 672 1791 negari

104 1808 250 1862 intravisse
263 1807 321 1873 sibi,
337 1807 491 1879 Capuaeque
499 1825 640 1878 erumpere
650 1807 744 1872 cernit,

104 1895 212 1949 Anxius
222 1895 363 1959 adventus,
376 1911 446 1948 nunc
459 1894 531 1948 ferro
542 1894 665 1965 frangere
677 1904 778 1948 coetunt

102 1984 267 2037 Obstantutn
277 1983 436 2038 meditatur:
451 1981 500 2037 init
514 1999 585 2036 nunc
597 1982 657 2036 avia
668 1990 759 2055 coepto

102 2071 230 2140 Consilia,
244 2080 325 2141 atque
336 2081 395 2124 astu
407 2070 503 2140 quaerit
516 2081 556 2125 tot
567 2070 652 2124 millia
663 2069 746 2143 portis

101 2155 270 2210 Abstrahere
281 2156 398 2221 arctatis,
411 2157 565 2228 cinctosque
575 2156 708 2211 resolvere
721 2171 823 2210 muros.
841 2204 843 2210 .

102 2242 143 2296 Sic
155 2243 241 2314 igitur
252 2259 352 2309 secum,
366 2261 495 2313 curasque
507 2244 558 2301 iter
569 2244 649 2298 cordo
661 2244 768 2315 fatigat:
849 2237 853 2246 “

102 2337 176 2408 Qo,
189 2349 265 2387 ruens
277 2349 358 2405 aegra,
370 2341 467 2387 vocas?
488 2350 614 2388 rursusne
626 2332 745 2404 pericula
753 2346 866 2397 sumam,

100 2424 162 2477 Non
174 2436 268 2490 aequus
279 2420 386 2491 regione
397 2420 466 2476 loci?
488 2421 634 2492 Capuaque
645 2420 753 2473 vidente
786 2450 788 2455 <

99 2512 191 2582 Terga
202 2510 291 2564 dabor
310 2527 354 2574 an,
369 2510 486 2564 residens
497 2510 579 2566 vicini
590 2509 690 2563 vertice
703 2508 811 2576 montis,
906 2528 908 2531 ’

99 2597 229 2653 Exscindi
240 2607 301 2651 ante
313 2597 403 2652 ocutos
415 2598 501 2669 patiar
511 2598 618 2654 socialia
629 2606 713 2652 tector

99 2688 160 2740 Non
173 2687 211 2740 ita
222 2703 265 2739 me
277 2685 381 2756 experti
394 2687 491 2740 Fabius
504 2687 632 2757 Fabiique
644 2686 770 2759 magister

99 2776 267 2841 Turbatum,
281 2776 411 2844 Hesperio
422 2794 485 2830 cum
496 2776 602 2830 clausos
613 2775 697 2829 milite
709 2775 790 2831 colles
868 2845 871 2849 .

99 2862 179 2917 Evasi
192 2863 290 2929 victor,
301 2877 460 2935 ¹sparsosque
472 2880 521 2934 per
533 2858 598 2918 arv'a
605 2863 736 2930 juvencos

98 2952 201 3023 Jactare
213 2950 331 3010 accensit
342 2950 478 3007 stimulavi
488 2952 616 3008 cornibus
626 2950 710 3023 ignea.
