2010 3450
303 286 394 328 nram
413 287 458 327 ιι.
494 289 523 326 v.
539 289 690 341 175-204·
879 293 913 346 33

98 392 250 448 Samnitum
256 393 348 461 jussis.
368 392 396 446 hi
410 401 483 458 sunt,
497 392 544 462 qui
553 394 617 460 jura
628 394 726 450 dedere
789 421 791 425 ⁷

96 485 218 538 Terrore
229 482 354 554 expulso,
368 482 536 552 Sidicinaque
546 482 617 536 bella
628 484 778 539 remdrunt.

98 574 164 645 Qo
175 569 269 642 lugitis
280 579 288 622 l
307 569 392 624 socios
403 587 505 639 quosve
516 571 629 625 additis?
648 573 701 627 Ille
712 591 764 646 ego
774 572 882 646 sanguis

99 659 263 723 Dardanius,
275 658 319 712 cui
332 674 405 712 sacra
416 668 502 728 pater,
515 660 559 713 cui
572 661 679 714 nomina
690 662 769 734 liquit

98 751 146 802 Ab
157 752 227 818 Jove
235 751 321 803 ⁴ducta
333 749 431 817 Capys,
445 764 543 818 magno
554 760 682 820 cognatus
694 751 772 819 Iulos

96 836 149 890 Ille
159 854 220 908 ego,
233 836 422 891 semihomines
432 835 503 888 inter
514 837 687 902 Nasamonas,
700 848 726 892 et
740 840 809 892 inter

99 925 206 978 Saevum
218 935 299 992 atque
310 933 462 994 aequantem
474 923 540 976 ritus
553 925 718 978 Garamanta
728 927 858 994 ferarum,

98 1011 265 1066 Marmarico
277 1028 376 1081 ponam
387 1011 503 1064 tentoria
509 1011 611 1064 mixtus
621 1011 748 1066 alumno?

98 1102 302 1171 Ductoremque
315 1100 409 1166 leram,
423 1100 466 1154 cui
478 1117 550 1153 nunc
562 1117 612 1171 pro
625 1100 727 1155 foedcre
739 1117 842 1173 proque

97 1188 207 1256 Justitia
217 1199 257 1241 est
267 1188 349 1252 ensis,
363 1189 480 1257 solaeque
492 1205 507 1242 e
520 1188 646 1259 sanguine
659 1189 765 1245 laudes?
856 1224 865 1244 a

98 1277 160 1328 Non
171 1275 218 1340 ita,
226 1290 287 1338 ‚non
300 1275 385 1329 Decio
395 1274 563 1347 permixtum
576 1275 666 1344 fasque
677 1276 814 1347 nefasque,

100 1364 165 1417 Haec
177 1373 207 1416 ut
216 1363 287 1416 velle
298 1373 387 1432 queat.
407 1362 492 1417 Nullo
505 1380 553 1416 nos
564 1363 656 1419 invida
667 1375 742 1419 tanto

99 1453 227 1505 Armavit
239 1455 345 1506 Natura
355 1452 437 1516 bono,
450 1469 530 1520 quam
539 1451 622 1518 janua
633 1453 727 1507 mortis

100 1543 183 1616 Qud
194 1553 278 1613 patet,
292 1551 319 1594 et
330 1541 386 1594 vita
399 1557 453 1594 non
466 1558 543 1612 aequa
553 1540 627 1595 exire
637 1553 764 1612 potestas.

99 1633 165 1687 llaec
175 1648 246 1686 vana
257 1646 363 1687 aversas
375 1629 474 1684 Decius
484 1619 595 1696 jactarit
607 1630 641 1683 ad
652 1645 738 1683 aures.

100 1725 151 1776 Ast
164 1723 373 1776 delectamentis
382 1721 513 1792 jungebat
526 1720 628 1774 foedera
640 1721 737 1774 Poeno.

98 1813 208 1883 Jamque
220 1812 312 1865 aderat
325 1811 459 1881 praemissa
469 1809 531 1864 duci
543 1810 669 1869 turbante
680 1810 802 1864 tumultu

98 1901 240 1955 Autololes
249 1914 394 1954 numerosa
403 1899 510 1954 cohors.
530 1901 592 1971 lpse
603 1899 708 1970 agmine
720 1917 818 1972 magno

99 1991 229 2044 Festinata
241 1988 311 2044 citus
322 2005 372 2059 per
382 2006 489 2061 campos
502 1990 576 2060 signa
587 1991 721 2043 movebat.

98 2077 132 2132 Et
145 2078 255 2144 Decius,
269 2080 350 2132 Nunc
363 2079 438 2146 hora,
450 2078 514 2145 viri,
526 2096 598 2133 nunc
610 2088 730 2150 tempus:
748 2079 848 2143 adeste,

99 2165 172 2221 Dum
185 2152 279 2238 Capua
286 2167 413 2239 dignum,
426 2168 493 2220 dum
505 2185 547 2221 me
558 2169 626 2222 duce
637 2169 747 2221 dextera
759 2167 860 2220 vindex

99 2253 216 2310 Molitur
227 2255 346 2322 facinus;
367 2256 525 2327 procumbat
538 2256 653 2311 barbara
664 2257 758 2328 pubes.

100 2342 150 2396 Pro
163 2360 191 2396 se
203 2344 319 2414 quisque
330 2344 431 2398 alacres
443 2344 528 2415 rapite
539 2345 691 2399 hocdecus.
712 2346 803 2399 Hostis
813 2345 887 2400 adire

99 2429 123 2481 Si
136 2443 221 2501 parat,
233 2432 386 2484 obstructas
397 2432 498 2504 replete
509 2433 637 2486 cadavere
648 2442 749 2504 portas,

98 2515 131 2570 Et
143 2517 217 2572 ferro
230 2529 344 2590 purgate
357 2518 440 2572 nefas.
460 2519 502 2574 hic
514 2521 630 2591 denique
642 2520 715 2575 solus

97 2605 201 2662 Eluerit
210 2608 318 2680 sanguis
330 2609 473 2663 maculatas
485 2609 596 2663 crimine
609 2621 720 2664 mentes.

99 2690 227 2768 Dumque
236 2715 268 2751 ea
279 2697 461 2768 nequidquam
473 2715 526 2752 non
538 2696 588 2751 ulli
600 2698 662 2753 laeta
670 2698 805 2770 profatur,

99 2779 200 2841 Audita
210 2789 352 2859 asperitate
365 2787 417 2840 viri
429 2798 573 2858 coeptoque
585 2786 679 2853 feroci,

99 2874 188 2929 Multa
200 2877 256 2930 feta
267 2893 364 2947 gerens
375 2875 415 2931 ira
420 2862 584 2946 praecordia,
598 2875 698 2930 Poenus

100 2963 232 3020 Adstabat
241 2965 336 3034 muris,
351 2980 514 3036 propereque
526 2981 658 3028 arcessere
669 2964 752 3023 lectos
778 3005 781 3012 Δ
801 3017 810 3025 ,,
844 3020 847 3024 .
879 3008 885 3022 ,
