2010 3450
341 455 510 531 LIBER
542 457 644 533 XV.

430 726 459 762 v.
476 726 570 774 1-24.

96 826 170 926 Aa·
182 884 254 923 nova
265 868 432 922 Romuleum
443 868 570 936 carpebat
581 883 647 922 cura
659 869 795 937 Senatum,

97 963 167 1044 Qis
179 960 297 1034 trepidas
308 970 400 1032 gentes
413 960 585 1030 Martemque
597 960 697 1015 subiret
705 962 827 1030 Iberum,

97 1052 210 1108 Attritis
223 1052 313 1104 rebus.
333 1048 466 1103 Geminus
475 1048 546 1113 jacet
558 1048 634 1101 hoste
648 1051 766 1119 superbo

98 1139 196 1212 Scipio,
209 1137 332 1208 belligeri
343 1137 483 1191 Mavortia
491 1146 599 1207 pectora
610 1137 717 1192 fratres.

98 1228 170 1282 ilinc
179 1236 278 1290 metus,
291 1227 319 1279 in
331 1226 429 1295 Tyrias
442 1242 475 1279 ne
484 1225 541 1291 jam
553 1227 691 1280 Tartessia
703 1227 774 1299 leges

99 1317 239 1370 Concedat
250 1312 339 1379 tellus,
353 1313 529 1386 propioraque
540 1313 612 1367 bella
623 1325 755 1384 pavescat.

100 1404 194 1460 Anxia
203 1403 285 1458 turba
296 1403 407 1457 Patrurn
420 1419 515 1472 quasso
528 1402 704 1456 medicamina
711 1402 801 1457 moesti

100 1493 220 1565 Imperio
231 1491 464 1562 circumspectant,
478 1490 617 1560 Divosque
630 1501 783 1559 precantur.

101 1584 159 1656 Qi
171 1581 264 1635 laceris
275 1580 344 1634 ausit
355 1580 452 1633 ductor
463 1579 603 1632 succedere
615 1578 723 1632 castris!

101 1672 247 1726 Absterret
255 1671 392 1736 juvenem,
407 1667 505 1739 patrios
518 1668 660 1739 patruique
672 1668 745 1740 piare

102 1763 250 1832 Optantem
261 1775 361 1824 manes,
375 1758 443 1811 tristi
455 1757 601 1811 conterrita
612 1756 699 1823 luctu,

103 1851 141 1904 Et
153 1860 280 1920 reputans
291 1865 384 1913 annos,
398 1856 511 1918 cognato
524 1846 651 1917 sanguine
661 1844 751 1899 turba.

104 1941 132 1994 si
143 1948 252 2012 gentem
263 1948 335 2009 petat
347 1936 500 2000 infaustam,
513 1935 583 1987 inter
594 1934 673 1986 busta
684 1950 796 1988 suorum

106 2027 309 2083 Decertandum
320 2025 401 2088 hosti,
414 2024 461 2094 qui
473 2022 583 2093 fregerit
593 2038 668 2074 arma
677 2023 805 2086 duorum,

107 2116 164 2190 Qi
176 2113 299 2169 consulta
309 2113 419 2175 ducum,
432 2129 463 2165 ac
477 2111 572 2181 flagret
584 2110 694 2163 meliore
706 2111 839 2164 Gradivo.

106 2207 163 2260 Nec
175 2213 315 2273 promtum
326 2200 424 2254 teneris
435 2198 561 2252 immania
572 2197 644 2251 bella
655 2197 760 2252 lacertis

106 2292 216 2355 Moliri,
227 2291 399 2362 regimenque
411 2287 471 2340 rudi
482 2288 623 2357 deposcere
635 2287 662 2339 in
674 2304 742 2340 aevo.
811 2286 815 2318 3

107 2385 174 2446 Has,
187 2379 257 2434 lauri
270 2377 387 2431 residens
396 2375 504 2442 juvenis
515 2376 648 2430 viridante
660 2377 711 2430 sub
724 2363 830 2444 umbra,

109 2467 228 2523 AEdibus
239 2464 366 2519 extremis
377 2464 503 2518 volvebat
515 2474 622 2535 pectore
633 2481 724 2518 curas:

109 2556 181 2611 Cum
193 2554 283 2609 subito
293 2553 429 2618 assistunt,
442 2554 538 2606 dextra
551 2553 670 2621 laevaque
681 2571 730 2623 per
741 2571 819 2609 aurae

110 2644 242 2717 Allapsae,
255 2642 328 2695 haud
340 2640 451 2711 paulum
462 2641 569 2695 mortali
581 2643 668 2707 major
679 2640 777 2710 imago,

110 2733 181 2787 ffinc
194 2732 300 2797 Virtus,
313 2729 388 2784 illinc
399 2730 493 2784 virtuti
503 2730 609 2783 inimica
621 2728 763 2799 Voluptas.

112 2820 209 2875 Altera
221 2818 430 2874 Achaemenium
443 2818 560 2890 spirabat
571 2817 671 2871 vertice
682 2818 803 2887 odorem,

113 2910 272 2968 Ambrosias
282 2909 380 2965 diffusa
390 2925 490 2979 comas,
499 2919 527 2966 et
537 2919 610 2967 veste
622 2909 768 2984 refulgens,
