2010 3450
154 236 203 304 ²⁷⁶
355 242 445 285 mnu
464 243 528 286 xvt.
563 245 593 282 v.
610 240 759 299 ὀς-ημ-

154 355 208 407 Ast
219 367 278 422 ego,
289 367 352 404 curn
363 359 454 403 vestm
467 349 508 419 (in
520 348 617 402 nostris
627 365 689 418 quae
698 348 775 417 copia
785 345 887 419 regnis)
934 376 937 380 >

154 443 234 495 Nunc
243 439 303 493 auri
315 438 424 502 ferrern,
438 437 510 490 nivei
521 453 594 490 nune
606 452 718 490 munera
728 435 826 500 dentis,

154 528 200 582 Nil
212 526 285 580 valui
298 526 430 596 precibus.
451 526 521 578 solos
534 524 583 577 sibi
595 523 665 594 cepit
677 534 800 591 uterque,
820 562 825 568 .

156 619 233 687 Qos
243 612 384 667 cohibebat
395 612 464 664 ebur
475 610 580 682 vaginae
590 609 698 674 sectilis,
710 625 794 661 enses.

156 709 257 777 Qare‚
270 718 328 772 age,
340 700 418 753 laetus
429 699 498 752 habe
510 707 614 751 nostros
625 697 724 749 intrare
737 705 855 767 penates,

155 793 210 854 Ac,
222 805 281 841 mea
293 787 398 854 quando
409 785 486 838 affert
498 785 629 854 Libycum
641 782 751 836 fortuna
762 799 811 852 per
823 782 907 836 undas

156 879 316 940 Ductorem,
328 873 408 938 facili,
422 891 483 942 quae
495 873 594 936 dicam,
601 870 708 943 percipe
719 881 819 941 mente.

154 965 191 1018 Et
203 981 269 1026 vos,
276 961 320 1031 qui
331 959 425 1031 Tyriae
435 960 525 1031 regitis
539 959 713 1031 Karthaginis
723 977 809 1026 arces,

156 1049 318 1113 Hasdrubal,
332 1047 385 1103 huc
397 1065 484 1114 aures,
496 1048 550 1102 huc
562 1066 652 1117 quaeso
661 1048 794 1102 advertite
806 1065 905 1103 sensus.

69 1157 73 1161 “
155 1146 265 1216 Qanta
275 1155 324 1209 per
336 1136 472 1190 Ausonios
483 1136 597 1208 populos
609 1137 775 1192 torrentibus
785 1137 870 1192 armis

154 1233 317 1298 Tempestas
326 1236 396 1289 ruat,
409 1235 435 1278 et
445 1225 522 1279 Latio
532 1242 657 1296 suprema
667 1225 795 1292 minetur,

154 1320 245 1385 thue
257 1313 473 1384 bibantTyrium
485 1313 527 1367 bis
538 1314 635 1385 quinos
648 1331 718 1368 saeva
730 1331 780 1385 per
789 1331 873 1368 annos

156 1404 249 1467 Sicana
259 1419 331 1456 nunc
343 1400 434 1465 tellus,
451 1418 523 1455 nunc
535 1401 613 1454 litora
625 1403 704 1456 lbera
714 1419 851 1468 cruorem,

156 1496 209 1548 Cui
221 1492 322 1546 nescire
333 1490 414 1544 licet?
431 1491 507 1566 Qin
519 1506 584 1562 ergo
596 1491 682 1544 tristia
692 1491 801 1544 tandem

157 1581 308 1638 Considunt
318 1578 398 1643 bella,
409 1589 437 1632 et
449 1578 580 1648 deponitis
591 1597 666 1633 arma
677 1579 815 1633 volentes?

155 1675 203 1728 Tu
216 1670 309 1738 Libya,
323 1677 391 1721 tute
403 1666 526 1720 Ausonia
537 1667 662 1721 cohibere
674 1678 819 1721 memento.

156 1757 236 1814 Haud
244 1754 376 1808 deformis
387 1753 438 1805 erit
449 1754 526 1806 vobis
537 1755 571 1807 ad
583 1753 686 1808 foedera
696 1754 781 1808 versis
879 1775 882 1787 ·

155 1841 433 1911 Pacatormediusque
445 1841 562 1911 Syphax.
584 1842 752 1914 subjungere
765 1842 847 1912 plura

156 1938 329 2000 Nonpassus,
342 1928 428 1999 gentis
440 1945 544 1982 morem
556 1929 750 2001 arbitriumque
763 1932 875 1984 Senatus

156 2020 242 2089 Scipio
253 2019 425 2081 demonstrat,
439 2015 553 2084 vanique
564 2017 689 2070 absistere
700 2018 782 2088 coepti

157 2112 209 2178 Spe
216 2107 304 2173 jubet,
317 2114 344 2158 et
357 2104 448 2156 Patres
460 2104 537 2157 docet
547 2104 604 2159 haec
616 2107 767 2174 expendere
781 2107 863 2170 solos.

157 2193 293 2250 Suadend'r
301 2193 396 2245 modus
407 2191 466 2246 hic:
486 2195 614 2263 quodque
623 2205 663 2247 est
672 2195 706 2247 de
717 2205 793 2263 parte
804 2195 859 2249 diei

157 2282 253 2338 Exacti
265 2297 354 2350 super,
366 2281 399 2332 ad
412 2297 515 2333 mensas
527 2292 555 2333 et
567 2282 663 2352 pocula
673 2284 795 2336 vertunt.

158 2376 260 2441 Atque,
272 2367 358 2438 epulis
370 2379 509 2437 postquam
520 2369 590 2435 linis,
603 2371 668 2423 dant
678 2361 794 2440 corpora
806 2388 908 2437 somno,

158 2461 194 2512 Et
204 2459 273 2511 dura
283 2455 310 2507 in
322 2466 428 2510 noctem
439 2472 564 2508 curarum
576 2455 684 2509 vincula
695 2456 815 2511 solvunt.

156 2551 271 2616 jamque⁴
281 2559 383 2596 novum
394 2541 603 2612 terrispariebat
616 2544 706 2598 limine
718 2546 807 2615 primo

157 2632 305 2706 Egrediens
316 2633 425 2683 Aurora
435 2631 516 2696 diem,
531 2632 693 2700 stabulisque
704 2634 831 2687 subibant

157 2722 205 2776 Ad
213 2721 278 2790 juga
288 2717 352 2778 ‚solis
362 2718 432 2788 equi,
443 2719 556 2772 necdum
568 2718 625 2788 ipse
636 2721 791 2773 ascenderat
803 2739 891 2788 axem,

157 2809 209 2862 Sed
221 2805 391 2878 prorupturis
403 2807 549 2860 rutilabant
562 2825 670 2878 aequora
682 2808 810 2862 flammis:

157 2896 250 2967 Exigit
261 2912 276 2947 e
287 2893 374 2956 stratis
385 2912 491 2968 corpus,
505 2895 637 2970 vultuque
649 2912 743 2952 sereno
769 2945 773 2951 .
