2010 3450
243 254 247 263 ’
335 253 426 294 alunt
447 252 490 294 x10
527 243 718 310 v.595-614.
852 315 856 319 ἱ
895 261 930 314 49

126 361 220 432 Atque
232 358 331 431 opibus
344 359 441 413 sancite
454 359 574 413 modum.
596 359 652 412 Pax
664 359 766 431 optima
778 376 879 426 rernm,
904 342 913 352 ..

126 454 201 525 Qas
211 447 315 500 homini
328 447 432 500 novisse
443 448 537 501 datum
548 459 601 501 est:
622 466 674 518 pax
686 465 739 502 nna
751 447 893 520 triumphis

125 538 280 593 Innumeris
292 537 396 607 potior:
411 554 474 607 pax,
488 536 623 591 custodire
636 537 749 591 salutem

125 628 160 682 Et
173 628 247 681 cives
257 642 364 696 aequare
377 637 480 695 potens,
494 636 636 679 revocetur
648 624 675 679 in
688 643 762 680 arces

124 716 253 768 Tandem
266 712 401 779 Sidoniam
415 713 526 766 etfama
537 712 646 785 fugetur
657 714 691 767 ab
704 713 770 767 urbe

125 802 258 867 Perfidiae,
273 800 424 865 Pltoenissa,
438 814 495 855 tua.
515 800 542 853 Si
555 811 628 853 tanta
640 800 723 878 libido

124 893 276 944 Armorum
288 899 371 955 tenet,
383 899 462 957 atquc
474 904 549 943 enses
562 906 615 941 non
628 889 740 944 reddere
750 900 848 961 perstat

123 977 247 1033 Poscenti
258 976 368 1047 patriae;
385 976 422 1030 nil
433 977 603 1049 suppeditare
616 977 703 1032 furori

123 1069 235 1132 Hortor,
248 1075 275 1119 et
287 1065 346 1119 haec
357 1065 435 1119 fratri
446 1067 595 1138 Magonem
607 1066 678 1121 dicta
689 1068 799 1121 referre.

123 1154 205 1210 Plura
214 1164 402 1209 annectentem
415 1157 513 1227 (neque
525 1155 597 1209 enim
609 1155 749 1210 satiaverat
760 1157 812 1211 irat

124 1241 261 1310 Dicendo)
271 1241 372 1296 clamor
383 1243 475 1296 turbat
486 1241 593 1296 diversa
604 1242 753 1297 volentum.

123 1331 160 1396 Si,
174 1330 269 1401 Libyae
280 1330 372 1396 decus,
381 1331 455 1384 hand
468 1329 515 1385 ulli
528 1331 684 1402 superabilis
695 1331 789 1398 arnris,

123 1419 259 1473 Hannibal
272 1431 311 1473 est
322 1419 371 1473 irae
381 1419 440 1486 tibi,
454 1419 628 1474 destituemus
640 1420 674 1492 ad
685 1421 754 1492 ipsas

123 1506 262 1561 Victorem
274 1515 374 1562 tnetast
393 1525 442 1562 nec
453 1525 537 1580 opum
548 1509 702 1576 adjumenta
711 1510 842 1564 feremust

121 1594 230 1649 Invidia
242 1593 321 1648 unius
333 1606 437 1666 sceptra
448 1607 478 1651 ut
487 1597 544 1663 jam
556 1609 633 1669 parta
644 1598 777 1652 retardet?

121 1682 190 1736 Inde
199 1681 302 1737 alacres
313 1682 447 1751 tribuunt,
462 1703 522 1754 quae
532 1685 597 1739 belli
609 1698 730 1756 posceret
742 1704 819 1742 usus:

122 1769 294 1841 Absentique
306 1786 386 1825 sunm
393 1772 495 1838 jactant
504 1775 555 1828 sub
568 1785 634 1830 teste
646 1776 776 1829 favorem.

121 1855 192 1913 Mox
204 1860 300 1913 eadem
311 1859 390 1914 terris
401 1860 532 1932 placitum
542 1866 681 1918 traducere
693 1863 790 1931 lberis,

122 1945 198 2003 Dum
208 1949 295 2003 malus
306 1950 439 2005 obtrectat
452 1950 521 2006 facta
532 1950 694 2008 immortalia
706 1951 787 2020 livor,

121 2034 178 2092 Nec
188 2037 252 2092 sinit
262 2038 367 2104 adjutas
379 2040 498 2095 dtutoris
508 2058 626 2098 crescere
638 2042 739 2096 laudes.
