2010 3450
128 258 180 296 uo
348 254 439 296 uruat
457 254 528 296 xm.
564 255 593 294 v.
607 243 755 312 865-895.

124 362 183 414 Hac
193 361 302 415 tandem
312 369 601 433 erumpent,.terraque
612 360 731 428 marique
742 359 908 416 movebunt!

125 449 187 501 Heu
196 448 295 512 miseri,
308 447 412 519 quoties
424 456 481 501 toto
492 446 659 518 pugnabitur
668 448 747 502 orbe!
762 498 767 507 ,

125 537 181 590 Nec
191 535 293 589 leviora
303 536 371 603 lues,
385 552 468 605 quam
477 535 575 600 victus,
589 534 701 590 crimina
711 535 810 590 victor.

124 623 200 675 Tum
208 623 317 689 juvenis
328 622 479 688 lacrimans,
492 624 605 677 Restare
617 623 674 677 haec
686 623 781 678 ordine
793 619 865 679 durb

124 710 269 765 lamentor
281 712 363 765 rebus
373 710 466 765 Latiis.
481 711 534 764 Sed
545 709 605 764 luce
616 723 719 765 remota

125 798 153 851 Si
164 799 239 852 nulla
250 810 289 852 est
301 799 388 864 venia,
401 809 428 871 et
440 797 537 852 merito
550 815 623 851 mors
634 798 691 866 ipsa
703 798 818 864 laborat,

124 887 248 943 Perfidiae
259 888 361 941 Poenus
373 887 469 955 quibus
479 895 526 939 aut
539 885 738 956 Phlegethontis
749 886 777 938 in
790 885 873 951 undis

124 966 230 1028 Exulet
241 975 337 1030 ductor
346 975 439 1041 scelus,
451 985 498 1028 aut
510 991 570 1042 quae
580 974 661 1044 digna
671 983 778 1028 renatos

124 1063 192 1117 Ales
202 1063 230 1117 in
242 1075 374 1119 aeternum
385 1064 495 1118 laniabit
507 1064 641 1119 morsibus
653 1073 745 1118 artus?

125 1152 166 1206 Ne
178 1163 276 1219 metue,
287 1153 418 1208 exclamat
428 1163 514 1207 vates.
529 1156 591 1208 Non
602 1153 659 1206 vita
670 1162 797 1224 sequetur

124 1241 296 1297 tnviolata
270 1261 377 1312 virum.
399 1243 484 1314 patria
496 1260 551 1297 non
562 1260 621 1296 ossa
633 1243 778 1311 quiescent.

124 1332 246 1399 Namque
258 1331 315 1396 ubi,
328 1331 429 1385 fractus
441 1348 534 1401 opum,
547 1348 651 1402 magnae
662 1329 807 1385 certamine
819 1346 921 1402 pugnae

124 1418 304 1472 Pertulerit
278 1419 360 1485 vinci,
373 1428 535 1490 turpemque
542 1437 619 1473 orare
631 1418 754 1485 salutem,
893 1479 895 1483 ¹

125 1506 231 1560 Rursus
241 1506 312 1562 bella
323 1508 397 1560 volet
409 1507 550 1561 Macetdm
561 1508 710 1562 instaurare
722 1506 773 1560 sub
784 1507 876 1561 armis.

124 1594 328 1666 Damnatusque
340 1595 405 1661 doli,
418 1594 529 1649 desertis
540 1596 655 1667 conjuge
663 1595 717 1648 fida

124 1680 161 1734 Et
170 1681 243 1736 dulci
255 1692 328 1747 nato,
341 1682 444 1753 linquet
457 1681 629 1753 Karthaginis
641 1699 724 1747 arces,

124 1770 219 1840 Atque
233 1787 286 1823 una
298 1770 429 1842 profugus
441 1769 565 1824 lustrabit
577 1770 677 1824 caerula
689 1787 790 1841 puppe.

124 1860 194 1913 Hinc
208 1859 299 1914 Cilicis
310 1858 397 1914 Tauri
409 1876 502 1913 saxosa
513 1859 651 1913 cacumina
662 1857 753 1912 viset·

124 1947 187 2013 Pro,
199 1959 297 2016 quanto
310 1947 396 2001 levius
406 1948 564 2001 mortalibus
575 1965 646 2020 aegra
658 1948 748 2002 subire

126 2034 248 2102 Servitia,
259 2047 314 2106 atq;
328 2037 437 2102 luentes,
451 2046 540 2102 aestus,
554 2036 674 2108 fugamq3
693 2035 822 2118 fretumq3
886 2097 897 2110 ·.

125 2125 218 2192 Atque
230 2124 339 2189 famem,
351 2142 429 2193 quam
441 2141 518 2195 posse
526 2125 609 2178 morit
623 2125 686 2177 Post
699 2125 769 2179 ltala
779 2125 852 2182 bella

124 2210 235 2283 Assyrio
248 2210 363 2265 famulus
375 2213 441 2283 regi,
456 2211 590 2283 falsusque
602 2211 686 2282 cupiti

122 2301 252 2352 Ausoniae
264 2312 362 2364 motus,
374 2301 456 2354 dubio
469 2311 540 2371 petet
553 2317 662 2373 aequora
673 2300 752 2366 velo;

123 2388 227 2452 Donec,
242 2389 377 2443 Prusiacas
385 2388 489 2441 delatus
497 2388 612 2460 segniter
623 2406 694 2452 oras,

123 2474 220 2528 Altera
229 2477 335 2530 servitia
347 2476 448 2530 imbelli
459 2477 576 2547 patietur
583 2476 611 2530 iu
621 2495 690 2542 aevo,

122 2560 159 2614 Et
170 2561 299 2616 latebram
309 2579 407 2617 munus
420 2564 504 2634 regni.
523 2564 708 2618 Perstantibus
721 2565 783 2618 indo

121 2651 260 2716 AEneadis,
271 2653 400 2723 reddique
412 2653 461 2707 sibi
474 2653 643 2725 poscentibus
652 2655 768 2719 bostem,

121 2739 222 2793 Pocula
232 2741 334 2795 furtivo
346 2742 429 2813 rapiet
439 2753 581 2812 properata
592 2759 707 2808 veneno,

122 2829 166 2881 Ac
177 2829 284 2882 tandem
296 2842 378 2883 terras
391 2830 471 2901 longa
483 2830 625 2885 formidine
638 2831 734 2884 solvet.

121 2917 187 2968 Haec
200 2925 280 2981 vates,
293 2917 426 2990 Erebique
436 2919 509 2972 cavis
521 2936 547 2972 se
560 2919 675 2973 reddidit
687 2919 799 2974 umbris.

119 3002 194 3056 Tum
206 3003 283 3058 laetus
294 3005 376 3060 socios
384 3007 491 3072 juvenis
503 3018 665 3079 portumque
677 3007 778 3062 revisit.
