2010 3450
97 268 145 318 ut
297 272 387 315 staur
406 266 474 312 xiv.
509 272 540 312 v.
556 244 702 326 145-r74t

49 441 53 449 ¹
100 380 180 448 Ejicit
194 388 307 451 angusto
317 377 462 432 violentius
473 391 521 430 ore
533 375 691 447 Propontisr

102 472 159 525 Nec
172 469 259 523 fervet
269 469 370 534 majore
380 466 483 519 fretum
497 463 653 534 rapiturque
665 464 797 532 tumultu,
859 546 861 551 Ι

50 580 53 587 ·
103 557 187 629 Qod
200 555 261 609 ferit
273 553 419 608 nermteas
430 561 553 606 extremo
566 551 627 607 Sole
637 552 787 607 columnas.

102 644 172 697 Mite
184 653 272 696 tamen
284 642 386 695 dextrae
398 640 480 695 decus
492 640 563 693 inter
573 639 670 709 proelia
679 648 756 695 tanta

102 733 205 787 Enituit
215 733 294 786 fama.
308 720 398 786 ¹Miles
408 730 580 801 Tyrrhenus,
595 730 688 800 (Asilo

103 822 208 875 Nomen
220 823 290 888 erat)
298 829 392 890 captus
404 819 538 888 quondam
549 819 583 872 ad
595 820 764 889 Trasymena
776 819 887 888 fluente,

105 910 249 962 Servitium
260 908 338 962 facile
349 917 377 962 et
388 905 548 967 dominantis
560 905 651 960 mollia
659 906 736 973 jussa

103 995 239 1066 Expertus
252 995 354 1064 Beryae,
367 993 465 1064 patrias
476 990 608 1047 remelrat
619 991 654 1045 ad
664 1009 726 1046 otas

104 1087 204 1156 Sponte
216 1084 328 1137 faventis
337 1083 396 1136 iteri
402 1102 411 1146 ;
431 1081 601 1153 repetitisque
612 1080 727 1152 impiger
737 1081 822 1136 armis

105 1174 181 1228 Tum
193 1181 297 1225 veteres
310 1170 400 1226 Siculo
412 1187 488 1224 usus
501 1170 629 1224 Mavorte
640 1169 742 1241 piabat.

103 1260 195 1327 Atque
206 1259 237 1323 is,
251 1259 317 1312 dum
326 1257 426 1311 medios
438 1257 508 1311 inter
520 1256 577 1311 fem
588 1257 685 1329 proelia
695 1257 800 1325 miscet,

44 1399 47 1408 f
104 1346 200 1401 Illatus
213 1348 315 1416 Beryae,
328 1345 381 1412 cui,
393 1355 471 1416 pacta
481 1346 515 1399 ad
526 1345 598 1417 regia
608 1345 690 1423 misso
817 1332 827 1344 ⁸

106 1435 253 1488 Poenorum
265 1452 281 1488 a
292 1433 408 1506 populis,
421 1433 570 1505 sociataque
582 1431 654 1488 belia
664 1432 780 1505 gerenti,

106 1523 204 1575 AErato
214 1523 292 1577 cassis
304 1522 451 1577 munimine
461 1521 593 1578 clauserat
604 1539 662 1587 ora,

102 1610 211 1663 Invadit
223 1609 295 1665 ferro
303 1612 443 1676 juvenem,
455 1610 613 1681 trepideque
624 1610 756 1666 ferentem

103 1697 245 1750 Instabiles
258 1707 329 1751 retro
340 1714 446 1768 gressus
457 1699 600 1768 prosternit
611 1715 702 1753 arena.

104 1786 144 1836 At
156 1784 244 1850 miser,
263 1785 353 1838 audita
364 1785 474 1838 victoris
484 1801 560 1850 voce,
573 1796 735 1840 trementem

104 1871 335 1942 Cunctantemque
343 1873 458 1928 animam
468 1872 558 1944 Stygia
567 1889 618 1927 ceu
629 1874 689 1928 sede
702 1874 843 1941 reducent,

34 1962 37 1967 ’
107 1962 223 2017 Cassidis
234 1979 250 2014 a
262 1972 351 2016 mento
363 1961 492 2015 malefidae
504 1962 611 2016 vincula
623 1963 735 2034 rumpit,

101 2050 286 2124 Jungebatque
298 2065 399 2121 preces,
412 2059 492 2118 atque
503 2049 600 2104 addere
611 2050 695 2103 verba
707 2049 830 2122 parabat.

103 2138 164 2204 Sed,
178 2138 265 2191 subito
277 2147 385 2208 aspectu
394 2148 423 2190 et
435 2148 499 2191 noto
509 2140 671 2192 oonterritus
681 2156 739 2205 ore,

103 2225 262 2296 Tyrrhenus
275 2225 429 2294 ferrumque
438 2244 519 2280 manu
530 2227 680 2293 revocarit,
692 2238 719 2281 et
730 2226 807 2282 ultro
885 2238 895 2263 ⁴

104 2312 184 2366 Talia
192 2329 257 2366 cum
267 2313 370 2384 gemitu
382 2312 498 2368 lacrimis
510 2314 605 2368 effudit
617 2315 736 2368 obortis:

99 2401 151 2463 Ne,
165 2416 264 2467 quaeso,
278 2400 390 2470 supplex
403 2400 492 2457 iucem
504 2401 656 2472 dubiusque
669 2418 794 2473 precare:
877 2424 881 2433 ·

103 2489 153 2539 Fas
166 2486 270 2539 hostem
282 2503 386 2539 servare
398 2487 473 2540 mihi.
494 2488 588 2541 Multo
600 2487 718 2559 optimus
729 2488 777 2543 ille

104 2573 221 2639 Militiae,
234 2574 277 2628 cui
289 2585 455 2645 postremum
467 2586 507 2628 est
518 2577 698 2647 primumque,
712 2578 784 2631 tueri

102 2663 177 2716 Inter
186 2661 258 2715 belia
270 2661 364 2715 tidem:
386 2673 415 2716 tu
428 2663 513 2718 letum
524 2667 638 2723 evadere
648 2665 726 2719 nobis

101 2750 160 2802 Das
169 2749 251 2818 prior,
265 2761 291 2803 et
304 2767 393 2804 servas
407 2753 526 2805 nondum
538 2763 660 2808 servatus
670 2753 704 2806 ab
717 2753 805 2807 hoste.
820 2824 823 2829 .

44 2863 46 2871 ·
101 2836 181 2889 Haud
192 2839 317 2906 equidem
329 2839 468 2909 indignum
479 2852 588 2908 memet,
602 2860 663 2912 quae
676 2841 763 2896 tristia
774 2840 840 2908 vidi,

101 2925 263 2993 Abnuerim,
275 2927 441 2998 dignumque
452 2928 552 2986 iterum
561 2931 589 2986 in
602 2930 695 3004 peiora
705 2930 826 2998 revolvi3
