2010 3450
268 301 358 344 aaran
377 303 437 344 xit.
467 299 501 344 ν.
514 294 664 358 655-684·
833 294 877 362 ts·

60 411 155 480 Atque
165 408 223 463 dies
232 407 339 480 fugere,
351 419 431 478 atque
442 410 541 464 armari
554 410 586 464 sd
599 409 698 482 prcelia
709 426 803 466 rurnrs

60 500 179 572 Jupiter.
200 498 362 552 incumbunt
372 497 457 564 venti,
469 513 636 570 crassusque,
646 509 753 554 rotante

61 589 176 652 Austro,
189 585 346 640 nimborum
357 585 443 640 fervet
451 586 559 657 globus.
578 587 682 642 intonat
693 589 760 659 ipse,

62 679 127 753 Qu
138 685 237 730 tremat
250 684 279 728 et
289 675 431 746 Rhodope,
438 676 576 746 Taurusqs
591 686 618 730 et
629 677 739 743 Pindus,
747 677 871 733 etAtlss.

62 765 204 819 Audivere
214 761 289 817 lacus
301 761 391 826 Erebi,
401 779 557 832 mersusque
568 764 710 832 profundis

62 850 188 923 Agnovit
201 849 319 904 tenebris
331 849 450 904 ooelestia
461 850 533 903 bella
544 850 697 921 Typhoeus.

62 939 172 994 Invadit
178 941 277 1003 Notus,
291 953 332 1003 ac,
345 938 447 1010 piceam
457 955 522 993 oum
533 940 661 1011 grandine
673 941 759 997 multa

62 1031 224 1097 Intorquens
236 1028 346 1092 nubem,
359 1036 533 1082 cunctantem
544 1036 573 1081 et
585 1043 654 1082 vana
665 1029 813 1086 minantem

63 1114 242 1187 Circumagit,
254 1114 401 1185 castrisque
412 1115 508 1169 ducem
520 1117 661 1170 succedere
671 1118 755 1188 oogit.

62 1205 167 1258 Verum
176 1203 224 1257 ubi
233 1202 360 1274 depositis
371 1203 452 1275 sepsit
465 1219 521 1264 sese
530 1221 627 1276 aggere
639 1205 708 1272 telis,

63 1293 138 1347 Laeta
149 1291 263 1346 serenati
274 1291 355 1346 facies
366 1291 487 1361 aperitur
499 1291 618 1363 Olympi,

62 1381 201 1451 Nullaque
212 1390 268 1435 tam
278 1379 372 1434 mitem
384 1380 477 1434 credas
487 1379 611 1434 habuisse
624 1383 779 1437 Tonantem

64 1467 200 1532 Fulmina,
214 1483 264 1521 nec
274 1467 380 1538 placido
392 1477 526 1521 commotu
538 1469 656 1524 tonitrua
666 1472 747 1524 coelo.

64 1557 164 1621 Durat,
175 1565 215 1619 et,
227 1555 371 1620 affirmans,
386 1571 440 1608 uon
449 1555 522 1609 ultra
534 1558 646 1628 spondet
658 1557 684 1610 in
697 1557 768 1627 ipsos

62 1647 215 1701 Venturam
225 1642 288 1698 coeli
300 1644 411 1710 rabiem,
424 1645 506 1698 modo
517 1645 605 1716 patria
615 1646 702 1698 virtus

63 1736 98 1788 In
110 1734 220 1789 dextras
231 1733 331 1797 redeat,
346 1749 395 1787 nec
407 1733 524 1787 Romam
535 1733 690 1789 exscindere
703 1733 780 1787 l’oeni

64 1823 185 1877 Credant
196 1837 254 1877 esse
265 1821 350 1875 nefas.
368 1822 424 1875 Ubi
437 1837 500 1876 nam
511 1833 575 1877 tunc
587 1821 703 1875 fulmina
714 1821 821 1883 tandem

63 1911 164 1967 invicti
175 1910 284 1965 latuisse
294 1909 380 1979 Jovis,
393 1927 456 1964 cum
468 1921 598 1964 sterneret
609 1908 678 1963 ensis

64 1998 175 2055 AEtolos
185 2006 310 2070 campos?
330 1998 387 2065 ubi,
401 2015 465 2053 cum
476 1999 620 2069 Tyrrhena
631 2009 754 2053 natarent
798 2036 800 2040 2

65 2091 164 2160 Stagna
173 2103 271 2142 cruore
281 2085 389 2141 virtlmi
410 2087 516 2160 Pugnat
528 2106 579 2159 pro
591 2089 734 2156 moenibus,
746 2087 845 2160 inquit,
873 2081 878 2087 ’

65 2178 93 2231 Si
104 2187 194 2232 rector
203 2174 338 2247 Supertlm
348 2185 390 2230 tot
399 2176 477 2244 jactis
489 2176 603 2230 fulmine
615 2177 683 2243 telis,

64 2271 141 2321 Inter
151 2276 193 2320 tot
203 2276 294 2320 motus
305 2282 355 2320 cur
367 2283 410 2319 me
420 2276 515 2320 contra
526 2283 600 2320 arma
611 2265 743 2320 ferentem

64 2354 204 2408 Afflixisse
216 2356 304 2426 piget?
324 2354 421 2408 Ventis
430 2353 565 2426 hiemique
578 2353 686 2428 fugaces

64 2444 157 2515 Terga
168 2442 274 2496 damus.
294 2443 415 2507 Remeet,
428 2459 530 2514 quasso,
544 2459 618 2496 mens
630 2443 676 2496 illa
686 2442 826 2513 vigorque,

66 2537 127 2608 Qa
138 2531 230 2595 vobis,
243 2548 306 2585 cum
317 2543 395 2602 pacta
406 2530 527 2596 Parrum,
541 2549 603 2584 cum
616 2530 717 2585 foedera
726 2530 858 2595 adessent,

65 2621 205 2690 integrare
217 2617 288 2671 acies
299 2617 439 2688 placitum.
460 2617 502 2672 Sic
514 2627 623 2688 pectora
635 2616 768 2683 flammam

68 2707 159 2762 Donec
169 2703 277 2778 equium
289 2704 373 2759 Titan
385 2704 534 2775 spumantia
545 2703 622 2757 frena
633 2703 753 2758 resolvit.

67 2796 120 2849 Nec
131 2812 189 2849 nox
202 2794 355 2864 composuit
366 2811 452 2858 curas,
465 2809 609 2847 somnusve
620 2792 779 2848 frementem

69 2884 157 2938 Ausus
168 2883 246 2938 adire
254 2881 355 2946 virum,
367 2892 396 2936 et
408 2884 522 2936 redeunt
532 2899 595 2937 cum
607 2881 666 2936 luce
678 2881 794 2936 furores.

67 2966 172 3026 Rursus
187 2970 218 3025 in
231 2986 307 3025 arma
318 2970 540 3043 vooattrepidos,
556 2970 695 3043 clipeoque
706 2968 877 3031 uemmdean
