2010 3450
314 285 482 328 ntmxt.
518 285 711 342 Mus-444·
831 257 836 264 “
871 294 911 347 43

95 397 136 454 Et
146 393 248 466 pariter
259 391 327 447 fusis
337 400 483 464 tepuemnt
493 401 602 462 pectora
613 393 683 447 telis.

96 484 196 540 Bacchi
207 485 280 537 dona
290 481 398 547 volunt,
411 481 567 553 epulasque,
579 493 608 536 et
619 483 738 539 carmina
754 493 848 540 tuterit

97 574 187 630 Pieria
197 571 342 645 liquefacta
353 571 421 642 lyra.
440 574 503 625 Non
515 588 576 626 acer
585 583 680 644 aperto

97 663 221 719 Desudat
232 679 330 733 campo
339 661 459 732 sonipes:
481 677 535 714 non
549 660 605 715 ulla
616 679 665 732 per
676 678 755 716 auras

97 756 203 808 Lancea
214 753 330 807 nudatos
346 760 455 805 exercet
467 759 539 802 torta
549 749 672 803 lacertos.

97 842 217 896 Mollitae
230 839 347 894 flammis
357 838 476 908 lymphae
487 837 639 908 languentia
651 855 744 892 somno

98 931 228 984 Membra
239 928 344 992 fovent,
357 927 513 997 miserisque
525 927 603 979 bonis
614 927 682 997 perit
691 927 801 982 horrida
811 927 908 984 virtut.

97 1022 160 1089 lpse
170 1018 262 1083 etiarn,
275 1017 380 1071 afflatus
387 1014 501 1069 -fallente
514 1014 658 1085 Cupidine,
668 1014 766 1070 ductor

99 1108 237 1161 lnstaumt
247 1121 353 1158 mensas
362 1104 487 1175 dapibus,
502 1105 651 1174 repetitque
662 1100 802 1160 volentum¹

98 1194 232 1265 hospitia,
244 1205 272 1247 et
285 1191 385 1264 patrias
396 1191 528 1262 paulatim
538 1192 649 1246 decolor
659 1204 730 1247 artes

98 1282 194 1347 Exuit,
205 1281 315 1336 occulta
326 1292 445 1335 mentem
456 1279 570 1333 uitiante
579 1280 683 1351 sagitta.

98 1371 196 1426 Altera
203 1370 261 1436 jam
272 1369 368 1441 patria,
380 1379 460 1437 atque
472 1386 551 1440 aequo
563 1368 614 1422 sub
624 1368 727 1424 honore
739 1381 855 1427 vocatur

98 1459 196 1513 Altera
209 1456 351 1527 Karthago
364 1456 468 1526 Capua,
479 1455 662 1526 intactumque
674 1458 800 1513 secunda·

99 1548 227 1600 Fortunae
238 1544 377 1616 ingenium
394 1543 460 1598 vitia
466 1544 622 1598 allatrantia
634 1556 769 1615 quassant.

99 1637 153 1690 Nec
165 1635 248 1688 luxus
259 1633 333 1688 ullus
343 1649 491 1702 mersaeque
503 1632 614 1686 libidine
626 1632 690 1686 vitae

100 1722 242 1794 Campanis
253 1721 364 1776 modus:
385 1721 564 1785 accumulant,
576 1722 717 1791 variasque
729 1737 777 1793 per
787 1731 858 1779 artes

100 1812 242 1866 scenarum
253 1817 359 1865 uertant
367 1808 459 1881 epulan
470 1809 634 1882 distinguere
645 1809 719 1862 ludo.

99 1898 134 1952 Ut
146 1897 242 1970 strepit
253 1896 359 1951 assidue
372 1897 516 1968 Phrygiam
524 1897 559 1951 ad
568 1896 685 1951 Nilotica
695 1895 771 1950 loton

99 1987 236 2058 Memphis
247 1985 389 2056 Amyclaeo
402 1985 499 2056 passim
510 1986 609 2040 lasciva
621 1985 743 2056 Canopo.

100 2075 226 2145 Inprimis
238 2074 358 2137 dulcem,
372 2074 457 2128 Poeno
469 2073 586 2140 laetante,
599 2091 649 2145 per
658 2089 737 2128 aures

99 2165 176 2218 Nunc
186 2181 254 2218 voce
266 2162 386 2217 infundit
397 2163 544 2228 Teuthras,
557 2181 629 2217 nunc
641 2163 746 2234 pectine
756 2174 877 2221 cantum.

100 2253 178 2324 Isque
190 2252 240 2306 ubi
251 2251 394 2306 mirantem
404 2252 555 2306 resonantia
566 2252 663 2322 pollice
674 2252 720 2306 tila

101 2339 247 2394 Ductorem
260 2339 329 2392 vidit
341 2340 444 2410 Libyae,
457 2357 553 2395 canere
565 2341 627 2394 inde
643 2341 771 2411 superbas

100 2427 194 2481 Aoniae
206 2427 301 2482 laudes
312 2427 410 2480 sensim
422 2428 564 2482 testudinis
577 2445 665 2495 orsus,

100 2515 270 2572 Concordem
282 2517 393 2570 citharae
405 2517 491 2571 movit
503 2534 552 2586 per
563 2520 681 2572 carmina
691 2517 821 2589 linguam,

99 2605 211 2660 Vincere
224 2605 378 2675 linquentes
389 2606 476 2660 vitam
488 2623 548 2674 quae
559 2606 643 2677 possit
654 2606 751 2660 olores.

100 2693 191 2764 Atque
203 2694 289 2747 haece
302 2693 394 2746 multis
405 2694 504 2765 carpsit
516 2693 672 2749 mollissima
682 2713 782 2751 mensae

100 2777 191 2848 [Facta
200 2782 311 2851 antiqua
321 2781 422 2846 virum,
436 2782 552 2853 placidas
563 2781 625 2852 quis
637 2780 868 2864 mulcentem]

101 2869 234 2942 Argolicis
245 2870 384 2941 quondam
395 2870 504 2941 populis
514 2869 648 2939 (mirabile
659 2871 762 2942 dictul)

101 2954 233 3013 Exaudita
244 2958 347 3028 chelys,
361 2958 478 3030 lapidem
489 2958 622 3012 testudine
637 2957 702 3015 felix
