2010 3450
294 246 384 290 usu
403 245 489 288 xm
507 246 537 286 v.
550 247 698 298 175-204.
850 244 900 302 ης

91 356 242 421 Bellotum,
256 369 360 408 necnon
371 351 456 406 Marti
466 349 569 405 delecta
577 351 717 419 juventus.

90 447 148 499 Nec
159 441 240 506 foret,
252 450 304 494 aut·
311 439 403 503 ebore,
416 448 463 492 aut
475 436 561 493 solido
574 438 618 506 qui
630 439 750 494 vinceret
761 455 839 508 auro,

91 528 243 584 Gaetulisve
254 525 337 597 nugis
349 523 452 582 fucaret
463 524 552 578 vellus
564 525 646 578 aenis.

91 619 147 671 Has
158 616 307 686 adjungere
319 629 384 683 opes
395 612 501 677 avidus,
513 623 693 684 reputansque
704 613 837 682 laborem,

92 704 119 756 Si
130 711 222 763 vertat
233 716 280 754 rex
294 699 329 753 ad
340 698 449 764 Poenns,
461 699 526 752 dare
537 698 600 752 vela
611 715 659 769 per
669 699 755 754 altum

91 793 221 863 Imperat,
234 799 315 858 atque
326 785 416 842 animo
425 787 482 852 jnsn
493 797 553 840 tum
564 786 662 841 Africa
670 787 742 842 bella
751 787 875 860 capessit.

90 879 196 932 Verum
206 876 254 930 ubi
266 883 440 948 perventum,
456 884 483 927 et
494 885 589 946 portus
601 885 711 929 tenuere
722 876 833 945 canna,

91 970 161 1036 Jam,
175 963 281 1035 trepida
290 961 397 1036 fugiens
409 979 458 1035 per
470 962 595 1034 proxima
605 961 685 1017 litora
696 981 797 1036 puppe,

91 1052 245 1111 Hasdrubal
256 1049 359 1108 afflictis
370 1052 462 1106 oderat
476 1066 547 1104 nova
557 1048 660 1117 foedera
672 1068 794 1119 quserens

93 1143 196 1210 Rebus,
208 1151 237 1197 et
248 1140 283 1196 sd
294 1139 395 1211 Tyrios
407 1137 538 1210 Massylia
549 1137 625 1210 signa
636 1138 770 1194 trahebat.

93 1232 208 1297 Audito,
221 1229 322 1300 pariter
332 1227 499 1300 populorum
510 1226 538 1280 in
549 1242 632 1297 regna
642 1227 760 1282 duorum

93 1317 244 1373 Advenisse
256 1317 348 1382 duces,
361 1316 409 1386 qui
421 1325 478 1369 tots
489 1314 561 1369 mole
573 1312 705 1380 laborent,

94 1405 305 1477 Disceptgntque
317 1402 406 1468 armis,
421 1412 557 1457 terrarum
566 1413 628 1456 uter
640 1402 754 1474 imperet
764 1403 837 1472 orbi,

95 1494 189 1548 Celsus
199 1502 289 1546 mente
300 1491 408 1564 Syphax
420 1490 501 1545 acciri
513 1489 541 1544 in
553 1500 624 1545 tecta
633 1491 748 1563 benigne

94 1586 223 1654 Imperat,
237 1590 264 1635 et
275 1590 351 1636 tauto
363 1580 440 1652 regni
452 1596 480 1634 se
491 1578 562 1632 tollit
573 1579 687 1634 honore.

94 1677 169 1730 Tum
181 1674 258 1728 laetos
270 1671 385 1726 volvens
396 1670 490 1725 oculos
501 1671 613 1725 adversa
625 1688 741 1742 perora,

94 1761 136 1817 Sic
147 1760 257 1815 Latium
268 1759 367 1813 affatur
375 1758 515 1823 juvenem,
526 1775 557 1812 ac
569 1759 644 1829 prior
654 1757 748 1830 incipit
758 1757 845 1814 ultro:

95 1855 187 1929 Qam
198 1859 236 1914 te,
250 1845 405 1902 Dardanios
416 1845 606 1917 pulcherrime,
620 1857 709 1903 niente
720 1865 814 1903 serens

94 1937 218 2009 Accipio,
232 1936 391 2005 intueorque
400 1933 499 1987 iibens!
518 1950 653 2006 quamque
663 1953 711 1990 ora
722 1936 850 1992 recordor

94 2027 185 2081 Laetus
196 2023 336 2096 Scipiadae.
353 2023 476 2077 Revocat
486 2031 533 2074 tua
544 2020 632 2076 fornia
642 2034 790 2094 parentem.

93 2116 162 2169 Nam
173 2122 278 2185 repeto,
290 2111 436 2167 Herculeas
448 2109 562 2180 Erythia
572 2111 606 2164 ad
617 2109 698 2166 litora
706 2113 799 2166 Gades

95 2186 166 2255 Cum
177 2200 267 2274 studio
277 2199 365 2272 pelagi
376 2210 404 2252 et
417 2198 567 2269 spectandis
580 2199 689 2253 aestibus
699 2199 780 2253 undae

95 2289 244 2352 venissem,
258 2304 369 2358 magnos
379 2287 468 2341 vicina
479 2287 514 2341 ad
524 2286 637 2341 flumina
648 2287 730 2342 Baetis

95 2377 227 2431 Ductores
237 2376 306 2429 miro
317 2376 456 2447 quondam
464 2393 507 2430 me
519 2391 628 2431 cernere
639 2391 743 2431 amore.

95 2465 169 2519 Tum
181 2464 247 2518 mihi
259 2463 331 2517 dona
342 2464 395 2517 viri
407 2464 498 2534 praeda
508 2465 611 2518 delecta
620 2464 716 2529 tulere,

96 2555 182 2607 Arma
194 2551 286 2617 simul,
300 2568 435 2623 regnoque
445 2571 504 2606 meo
516 2564 575 2607 turn
584 2553 692 2625 cognita
702 2551 820 2623 primunr

95 2640 280 2712 Cornipedum
293 2641 379 2705 frena,
388 2652 469 2713 atque
480 2659 567 2707 arcus,
581 2643 626 2711 qui
635 2642 730 2696 cedere
741 2653 834 2698 nostro

95 2730 154 2783 Non
167 2729 270 2784 n6runt
279 2729 379 2796 jaculo,
392 2739 419 2783 et
430 2740 535 2784 veteres
547 2729 665 2784 tribuere
676 2731 818 2802 magistros

96 2818 212 2882 Militiae,
225 2819 274 2890 qui
285 2819 416 2890 dispersas
428 2819 483 2872 sine
495 2819 553 2890 lege
564 2827 684 2873 catervas

95 2905 189 2962 Vestro
201 2907 350 2963 formarent
362 2908 416 2963 ritu
427 2907 463 2962 ad
474 2906 619 2964 certamina
628 2909 740 2965 Martis.
