2010 3450
425 152 434 217 1
513 240 517 251 .

143 324 178 381 90
363 314 453 360 stass
471 315 542 361 xtrr.
578 316 607 355 v.
623 304 768 374 πός-«94.

146 427 175 481 Si
184 426 284 480 dexter·
292 422 382 477 Poenis
392 423 469 476 Deus
479 431 506 476 et
518 424 639 476 Fortuna
650 421 753 487 fnium,

145 516 185 570 Ut
197 516 319 585 Capuam
328 511 403 567 Iliaci
414 511 561 582 migrarent
572 526 654 581 regna
665 509 791 586 Qirini:

147 603 202 680 Qi
215 611 354 672 quaterent
363 616 456 655 muros
466 598 638 669 Tarpeiaque
648 596 758 662 moenia,
770 595 848 651 misi:

145 697 203 751 Nec
214 694 279 747 mihi
290 690 416 762 poscendi
426 688 590 760 vigorafuit,
602 688 671 741 alter
681 697 714 742 ut
726 706 819 760 aequos

146 783 270 837 Portaret
280 781 363 836 fasces
374 790 466 834 nostro
478 780 512 833 de
524 780 632 834 nomine
644 781 758 836 Consul.

146 874 281 927 Hactenus
293 881 334 924 est
343 869 443 925 vixisse
454 868 533 935 satis3
549 869 615 922 dum
625 869 702 940 copia
713 869 808 925 noctis.

147 957 200 1010 Cui
210 957 285 1011 cordi
296 973 385 1011 comes
397 965 498 1009 reterna
508 964 549 1008 est
560 955 724 1008 Acherontis
733 955 768 1008 ad
781 956 881 1013 undam

147 1045 279 1110 Libertas,
292 1053 365 1115 petat
375 1043 421 1097 ille
431 1060 502 1097 treas
513 1059 668 1115 mensasque
679 1043 832 1116 dapesque:

146 1135 192 1201 Et,
205 1134 292 1188 victus
304 1141 420 1186 mentem
432 1131 493 1186 fuso
503 1149 553 1204 per
563 1133 686 1186 membra
697 1133 790 1203 Lyaeo,

147 1223 292 1292 Sopitoque
304 1222 375 1276 necis
385 1237 489 1287 morsu,
499 1220 674 1275 medicamina
682 1220 768 1274 cladis

147 1310 269 1376 Hauriat,
282 1326 312 1364 ac
324 1309 434 1379 placidis
445 1319 566 1363 exarmet
577 1307 632 1362 iata
645 1309 767 1362 venenis.

147 1402 213 1455 llaec
225 1400 272 1465 ait,
284 1409 313 1453 et
323 1400 404 1453 turba
415 1398 511 1469 repetit
522 1398 666 1453 conutante
676 1407 797 1470 penates.
879 1429 883 1439 ι

147 1489 264 1543 AEdibus
274 1488 302 1542 in'
313 1487 408 1542 mediis
416 1502 580 1558 consurgens
591 1487 653 1542 ilice
664 1487 751 1542 multa

147 1576 306 1630 Exstruitur
317 1591 408 1646 rogus,
421 1574 567 1645 hospitium
578 1591 720 1629 commune
733 1577 869 1645 peremtis.

147 1667 204 1720 Nec
215 1665 329 1736 vulgum
339 1672 423 1718 cessat
435 1663 536 1717 furiare
547 1663 678 1734 dolorque
690 1679 838 1732 pavorque.

146 1756 227 1810 Nunc
239 1753 322 1807 menti
335 1768 400 1807 serae
413 1751 512 1807 Decius
522 1753 601 1819 redit,
612 1763 639 1805 et
650 1753 721 1806 bo'na
732 1753 820 1808 virtus

146 1841 251 1895 Exsilio
261 1841 355 1912 punita
366 1841 446 1895 truci.
466 1842 611 1910 Despectat
621 1841 655 1894 ab
666 1840 721 1894 alto
797 1838 799 1845 '

147 1932 227 1984 Sacra
239 1929 313 1994 fides,
326 1929 459 2000 agitatque
471 1928 564 1982 virrim
575 1928 679 1982 fallacia
690 1931 781 1983 corda.

146 2020 209 2071 Vox
221 2016 325 2072 occulta
336 2017 417 2082 subit,
430 2017 528 2087 passim
539 2017 635 2070 diffusa
646 2021 696 2088 pe'r
705 2035 800 2072 auras:

147 2105 270 2172 Foedera,
284 2105 420 2168 mortales,
435 2118 469 2157 ne
479 2122 552 2158 savo
564 2105 680 2174 rumpite
692 2105 781 2159 ferro:

148 2194 200 2248 Sed
211 2205 311 2248 castam
322 2203 425 2246 servate
438 2193 541 2248 Fidem.
560 2193 728 2266 fulgentibus
738 2203 813 2247 ostro

147 2284 214 2338 Haec
226 2281 315 2351 potior
326 2280 427 2352 regnis:
446 2281 540 2335 Dubio
552 2283 599 2353 qui
612 2282 736 2354 frangere
747 2299 839 2336 rerurn

148 2370 287 2426 Gaudebit
297 2380 384 2442 pacta,
396 2387 428 2424 ac
439 2379 532 2424 tenues
545 2388 604 2442 spes
616 2371 719 2440 linquet
730 2371 819 2437 amici,

147 2461 210 2514 Non
223 2458 261 2511 illi
273 2459 378 2523 domus,
392 2467 438 2512 aut
449 2459 560 2525 conjux,
574 2469 621 2512 aut
632 2460 688 2514 vita
699 2459 819 2514 manebit

148 2546 273 2612 Unquam
279 2560 376 2614 expers
382 2544 624 2616 luctuslacrirnaeq3
639 2548 722 2616 Aget,
729 2561 838 2618 aquore
848 2562 953 2617 semper

148 2635 192 2687 Ac
204 2631 300 2686 tellure
312 2647 446 2704 premens,
457 2642 518 2704 aget
530 2650 633 2705 aegrum
645 2644 723 2688 nocte
735 2634 832 2705 dieque

148 2721 280 2789 Despecta
290 2736 320 2773 ac
331 2718 432 2773 violata
443 2719 530 2774 Fides.
550 2721 619 2773 Adit
630 2721 719 2774 omnia
728 2721 839 2791 jamque
937 2770 941 2780 ,

148 2806 278 2872 Consilia,
291 2825 321 2862 ac
333 2824 438 2862 mensas
448 2807 588 2879 contingit,
601 2818 637 2874 et,
648 2807 740 2862 abdita
753 2809 834 2874 nube,

148 2895 346 2965 Accumbitque
357 2896 433 2961 toris,
445 2896 624 2968 epulaturque
635 2896 759 2966 improba
768 2896 897 2969 Erinnys.

147 2983 210 3054 Ipsa
221 2982 300 3038 etiarn
311 2984 403 3056 Stygio
413 2984 563 3056 spumantia
573 2984 671 3064 pocula
682 2984 745 3039 tabo
