2010 3450
318 259 407 303 orara
426 259 457 298 xa
493 261 524 300 v.
537 258 685 315 4¹5-4442
873 262 903 318 η

98 365 135 418 Et
147 365 224 420 stilus
236 363 378 429 occulitur,
391 380 494 418 caecum
505 364 533 418 in
544 366 657 436 vestigia
668 366 769 420 telum(

97 452 176 517 Ecce,
191 469 274 522 super
285 450 372 504 clades
385 461 411 502 et
423 468 478 504 non
489 452 647 507 medicabile
658 453 768 520 vulnus,

99 539 238 608 Reliquias
251 537 316 592 belli
328 547 408 608 atque
420 538 562 608 imperdita
574 557 688 609 corpora
700 540 790 594 Poenis

96 626 185 698 Impia
196 625 358 689 formidoac
370 626 455 691 major
467 626 589 696 raptabat
601 627 728 696 Erinnys.

94 716 187 768 Trans
200 730 293 782 aequor
303 713 404 783 Tyrios
415 729 490 765 enses
501 724 581 783 atque
593 731 668 767 arma
680 715 810 784 parabant

95 802 236 863 Punicaet
248 801 429 855 Hannibalem
442 811 545 855 mutato
557 803 670 856 evadere
681 802 761 857 coelo.

95 891 161 945 Dux
174 899 232 943 erat
244 889 338 943 exsilio
350 887 470 943 collectis
483 890 575 942 Marte
588 889 727 956 Metellus,

94 977 146 1030 Sed
154 978 240 1050 ,stirpe
252 978 325 1031 haud
337 977 414 1048 parvi
426 978 601 1047 cognominis.
621 979 644 1031 is
656 978 725 1033 mala
737 979 810 1033 bello

94 1069 208 1124 Pectora
220 1070 431 1140 degeneremque
444 1085 554 1122 manum
565 1069 599 1122 ad
610 1069 743 1123 deformia
753 1071 850 1142 agebat

93 1156 240 1222 Consulta3
255 1167 334 1225 atque
346 1157 398 1209 alio
411 1156 510 1226 positas
520 1159 655 1226 spectabat
667 1158 694 1211 in
707 1159 783 1224 orbe,
878 1187 890 1205 ·
908 1179 915 1192 ·

91 1244 163 1320 Qis
175 1263 229 1298 sese
240 1245 404 1309 occulerent,
418 1255 515 1297 terras:
532 1262 584 1314 quo
597 1246 705 1299 nomina
717 1247 791 1302 nulla

97 1334 255 1396 Poenorum,
269 1343 317 1385 aut
328 1331 423 1400 patriae
435 1342 587 1402 penetraret
599 1333 669 1387 fama
681 1335 792 1390 relictae.

90 1425 162 1495 Qae
173 1431 317 1491 postquam
328 1420 429 1491 accepit
443 1421 578 1475 flammata
591 1422 678 1491 Scipio
692 1435 790 1488 mente,

90 1512 217 1579 Qantus
229 1508 369 1562 Sidonium
381 1517 484 1573 contra,
499 1508 556 1563 fera
567 1510 662 1579 proelia
675 1511 796 1577 miscens,

90 1595 327 1659 Ductoremstetit
340 1595 368 1649 in
379 1596 489 1667 campis,
503 1598 571 1667 rapit
584 1598 658 1651 ocius
669 1611 769 1663 ensem,

89 1687 190 1754 Atque,
204 1685 253 1739 ubi
265 1696 345 1756 turpe
356 1684 457 1738 malum
468 1670 573 1753 Latioq;
588 1696 709 1761 entrema
720 1688 872 1754 coquebant

89 1775 186 1845 Coepta
198 1773 261 1839 viri,
275 1774 362 1843 ruptis
374 1771 478 1826 foribus
491 1790 545 1826 sese
557 1774 657 1841 arduus
669 1773 762 1826 infert.

87 1866 173 1930 Turn,
183 1865 315 1935 quatiens
328 1864 451 1918 strictum
463 1880 526 1918 cum
537 1880 603 1918 voce
615 1871 677 1916 ante
688 1879 736 1916 ora
747 1849 895 1934 paventum

88 1953 262 2017 Mucronem,
276 1951 404 2020 Tarpeia,
415 1961 500 2022 pater,
515 1951 559 2019 qui
571 1950 672 2020 templa
684 1951 826 2006 secundam

87 2040 186 2094 Incolis
197 2057 213 2092 a
226 2039 297 2094 coelo
310 2040 410 2104 sedem,
424 2048 451 2092 et
463 2039 588 2092 Saturnia
600 2039 721 2092 nondum

86 2125 172 2181 Iliacis
183 2136 288 2185 mutata
299 2127 385 2192 malis,
399 2139 483 2197 tuque
494 2143 587 2196 aspera
599 2137 693 2195 pectus

87 2216 184 2287 AEgide
198 2217 363 2290 Gorgoneos¹
371 2216 449 2286 virgo
462 2215 596 2270 succincta
608 2214 723 2280 furores,

88 2304 277 2375 Indigetesque
290 2303 353 2368 Dei,
367 2315 470 2374 sponte,
482 2321 526 2368 en,
541 2321 589 2374 per
601 2303 712 2356 numina
723 2314 824 2372 vestra,

86 2391 189 2462 Perque
201 2401 294 2462 caput,
308 2391 384 2445 nullo
397 2392 482 2445 levius
494 2391 557 2444 mihi
571 2392 691 2457 numine,
705 2391 789 2462 patris

85 2479 254 2550 Magnanirni
263 2479 338 2544 juro,
352 2496 490 2549 uunquam
503 2480 614 2532 Lavinia
627 2496 709 2550 regna
844 2549 848 2554 .

86 2564 235 2637 Linquam,
243 2584 293 2620 nec
305 2566 389 2636 linqui
401 2567 497 2638 patiar,
512 2567 578 2619 dum
590 2567 646 2619 vita
657 2566 787 2621 manebit.

87 2654 167 2707 Ocius
179 2664 313 2708 antestare
327 2656 408 2722 Deos,
422 2656 443 2708 si
456 2656 555 2708 moenia
567 2655 644 2708 taedis

87 2740 379 2813 Flagrabunt'Libycis,
393 2744 481 2798 nullas
492 2755 519 2797 te
532 2743 613 2808 ferre,
626 2744 752 2812 Metelle,

87 2829 229 2884 Ausurum
241 2831 271 2883 in
283 2840 368 2885 terras
378 2849 493 2904 gressus.
514 2832 552 2889 Ni
565 2833 627 2887 talia
640 2835 733 2901 sancis,

86 2918 176 2994 Qem·
183 2917 290 2987 tremis,
301 2928 329 2976 et
341 2921 419 2988 cujus
431 2939 539 2977 somnos
551 2921 693 2978 formidIne
708 2921 821 2996 rumpis,

118 3023 192 3064 voa·
209 3023 245 3061 11.
484 3025 501 3064 c
