2010 3450
138 279 199 334 104·
335 277 426 321 mm
444 277 515 318 xm.
550 279 580 317 v.
594 262 753 333 684-713.'·

138 388 228 443 Ditior
239 385 295 458 ipse
305 385 380 449 viris,
393 384 477 456 spisso
488 383 664 438 circumdedit
674 384 752 438 orbe.

137 479 200 530 Non
214 473 300 545 segnis
312 473 389 526 nobis
400 489 449 526 nec
460 470 564 536 inultis,
577 480 648 537 nate,
661 480 769 541 peracta
780 481 822 526 est

136 563 190 616 llla
202 579 326 634 suprema
337 560 402 626 dies,
415 568 442 613 at
454 559 532 612 laude
543 559 701 613 inclusimus
709 577 812 615 aevum.

139 651 248 722 Excipit
259 651 322 703 inde
335 666 396 702 suos
409 647 493 702 frater
503 647 666 718 conjungere
677 665 765 702 casus.
847 652 853 674 '·

140 738 261 793 Excelsae
274 738 356 792 turris
367 731 427 808 post
438 736 533 790 ultima
544 736 626 789 rebus
637 739 665 789 in
675 737 756 792 arctis

141 827 296 881 Subsidium
306 824 441 895 optarem,
454 841 632 897 supremaque
644 825 715 880 bella
723 826 838 881 ciebam.

140 917 284 968 Fumantes
295 916 387 980 taedas,
400 932 431 968 ac
442 913 496 967 lata
507 898 629 968 incendia
640 914 749 985 passim,

141 1003 178 1055 Et
190 1002 263 1055 mille
275 1002 389 1068 injecere
402 1002 482 1055 laces.
501 1001 548 1056 Nil
561 1002 669 1055 nomine
680 1002 727 1055 leti

141 1091 184 1143 De
197 1091 305 1161 Superis
314 1107 424 1160 queror.
437 1089 509 1142 haud
521 1108 606 1160 parvo
615 1090 676 1145 data
685 1091 808 1146 membra
819 1092 943 1164 sepulcro

141 1179 241 1232 Nostra
251 1187 439 1232 cremaverunt
450 1178 479 1230 in
491 1188 578 1231 morte
589 1178 754 1232 haerentibus
765 1179 859 1233 armis.

142 1269 194 1320 Sed
206 1285 249 1321 me
258 1268 346 1322 luctus
357 1267 447 1332 habet,
460 1267 573 1338 geminae
588 1285 622 1320 ne
632 1266 707 1320 clade
720 1267 808 1322 ruinae

142 1356 258 1410 Cesserit
269 1356 359 1410 affusis
370 1371 497 1426 oppressa
507 1355 634 1427 Hispania
646 1355 746 1410 Poenis.

143 1442 246 1496 Contra
257 1461 319 1513 quae
327 1441 434 1508 juvenis
445 1441 554 1494 turbato
566 1441 675 1494 fletibus
685 1458 750 1495 ore:

143 1529 192 1594 Di,
206 1547 305 1598 quaeso,
319 1540 349 1583 ut
361 1529 456 1582 merita
466 1538 515 1594 est,
528 1528 621 1599 dignas
633 1546 683 1598 pro
695 1529 796 1584 talibus
806 1533 879 1588 ausis

144 1616 284 1687 Karthago
295 1617 429 1687 expendat
439 1632 542 1686 poenas·
563 1615 614 1668 Sed
625 1615 743 1668 continet
754 1632 829 1671 acres

144 1704 259 1774 Pyrenes
268 1705 392 1774 populos,
405 1704 461 1774 qui,
473 1714 563 1757 vestro
575 1706 668 1758 Marte
680 1706 820 1775 probatus,

144 1792 259 1862 Excepit
271 1792 363 1857 fessos,
376 1803 403 1845 et
415 1793 485 1845 notis
495 1792 617 1845 Marcius
629 1794 710 1845 aruris
773 1838 775 1842 ,

145 1879 274 1933 Successit
285 1880 367 1933 bello.
388 1880 461 1934 fusos
474 1897 579 1951 quoque
591 1879 663 1933 fama
674 1880 777 1936 ferebat
859 1880 862 1887 ’

144 1972 267 2024 Victores
277 1973 341 2036 acie,
355 1982 435 2041 atque
447 1981 540 2024 exacta
552 1972 656 2041 piacula
666 1972 756 2026 caedis.

145 2060 195 2112 llis
206 2060 261 2112 laeti
273 2060 375 2113 rediere
386 2061 468 2114 duces
479 2059 538 2113 loca
549 2078 654 2113 amoena
665 2061 787 2131 piorum=

144 2147 372 2219 Prosequitnrque
382 2147 467 2201 oculis
476 2164 544 2218 puer
555 2149 732 2201 adveneratus
742 2159 847 2204 euntes.

144 2237 258 2306 Jamque
269 2237 361 2289 aderat
371 2236 456 2288 multa
466 2235 513 2288 vix
525 2238 708 2306 agnoscendus
716 2237 744 2289 in
756 2239 857 2293 umbra

147 2321 267 2384 Paullus,
280 2333 306 2373 et
316 2320 396 2392 ep'oto
409 2322 537 2375 fundebat
551 2323 676 2394 sanguine
688 2323 791 2378 verba:

147 2412 208 2463 Lux
222 2411 331 2475 Italtim,
346 2413 388 2477 cuj
392 2429 422 2464 us
435 2412 552 2482 spectavi
565 2410 759 2476 Martiarum,

147 2498 270 2551 Multum
282 2517 336 2553 uno
349 2499 451 2564 majora
462 2498 531 2562 viro,
543 2499 703 2551 descendere
716 2499 800 2564 nocti,

147 2586 240 2655 Atque
253 2584 395 2639 habitanda
405 2585 486 2638 semel
497 2586 597 2656 subigit
609 2588 669 2657 quis
678 2587 764 2640 visere
777 2595 876 2658 regna?

148 2673 200 2725 Cui
212 2683 306 2726 contra
318 2674 383 2726 tales
394 2673 507 2726 effundit
520 2673 607 2743 Scipio
618 2691 710 2727 voces:

148 2761 324 2829 Armipotens
336 2762 442 2827 ductor,
455 2779 536 2832 quam
548 2772 609 2814 sunt
622 2773 668 2815 tua
680 2761 735 2816 fata
746 2780 796 2833 per
806 2765 909 2818 Urbem

148 2847 304 2901 Lamentata
316 2850 376 2903 diul
395 2867 477 2920 quarn
488 2867 565 2921 paene
577 2849 681 2903 ruentia
693 2860 784 2904 tecum
913 2832 918 2844 ⁵

148 2934 268 2991 Traxisti
280 2937 314 2990 ad
327 2937 429 3008 Stygias
438 2937 568 2993 OEnotria
576 2947 646 2993 tecta
657 2940 794 2995 tenebras!
