2010 3450
379 264 506 309 'Itum

348 461 464 515 LIBER
481 461 564 512 VIII.

87 594 115 629 v.
141 594 182 645 19·
202 572 308 645 cruores]
336 569 378 623 Sic
401 569 493 622 Heins.
517 577 598 633 recte,
620 565 650 620 nI
668 566 798 621 fallimur.
821 568 858 621 cs.

13 697 15 703 ·
54 668 121 719 VII.
131 683 160 716 21
166 683 192 729 3.
202 680 256 715 non
270 667 401 729 repugnat
411 657 497 710 Drak.
505 655 622 710 admittit
635 655 859 710 Iefeb.-Oxon.

53 749 243 806 mora-Alii
256 765 349 801 cruore.

88 861 132 908 33.
152 840 205 911 ille]
224 837 322 903 Fabius,
342 834 557 904 sc.-Sequimur
579 834 672 889 Heins.
694 837 860 906 approbante

54 929 150 983 Lefeb.
165 927 256 979 Adeas
269 924 356 977 Drak.
370 923 391 975 si
403 922 534 991 exemplis
543 939 629 993 egeas.
650 922 747 993 Scripti
758 924 813 977 illa.

88 1035 134 1081 41.
148 1016 172 1067 si
171 1014 234 1085 fas]
246 1020 253 1046 ‘
263 1012 297 1065 C.
310 1012 373 1064 Put.
387 1010 434 1063 ubi
446 1010 592 1063 ascribitur
603 1029 684 1082 super
694 1011 742 1065 iin
754 1030 822 1067 voce
828 1014 860 1078 si,

54 1104 126 1173 quod
138 1102 249 1155 dubiam
260 1110 333 1153 notat
351 1099 502 1153 lectionem.
530 1101 560 1163 si,
581 1101 622 1164 sit,
632 1117 686 1152 non
705 1118 767 1154 raro
777 1102 859 1154 alter-

55 1201 131 1244 nant.
151 1188 194 1240 Ex
204 1190 323 1240 Homero
336 1187 416 1239 habet
427 1185 514 1250 Silius,
527 1186 575 1255 qui
587 1186 649 1239 hinc
660 1185 859 1258 intelligendus.

55 1281 90 1332 II.
110 1279 191 1332 XIV.
208 1281 267 1348 196.
287 1278 359 1328 Vere
376 1292 440 1345 ergo
452 1274 480 1327 in
502 1274 535 1327 C.
555 1275 616 1326 Put.
630 1277 655 1327 si
669 1285 696 1327 et
712 1292 766 1328 non
778 1279 810 1329 sit
821 1277 860 1329 Ie-

54 1369 190 1440 gendum3
213 1367 293 1437 etfas
308 1366 377 1420 forte
389 1363 549 1434 capiendum
557 1380 606 1432 pro
617 1380 650 1416 eo
662 1364 735 1433 quod
742 1363 800 1416 fieri
810 1382 860 1434 po·

56 1468 117 1523 test,
142 1466 173 1509 ut
192 1472 261 1526 saepe
281 1455 353 1525 apud
372 1453 491 1506 Latinos.
517 1454 594 1505 Tum
610 1469 664 1505 vox
684 1463 779 1505 cautam
798 1470 863 1507 vera

55 1547 135 1600 iectio
147 1555 197 1609 est,
214 1563 295 1614 quam
308 1543 423 1614 probant
436 1553 490 1595 tres
507 1541 619 1610 antiqui.
639 1545 672 1595 In
691 1541 861 1609 abutentem,

55 1635 154 1705 inepte.
188 1633 264 1686 False
287 1633 324 1686 ait
350 1633 437 1685 Drak.
460 1633 587 1685 Marsum
610 1631 729 1701 primum
750 1631 863 1685 edidisse

55 1734 291 1786 cautum-cautus,
314 1733 397 1774 tantus
409 1720 553 1790 saepissime
569 1721 701 1774 alternant
719 1721 747 1774 in
765 1719 863 1776 libris!

57 1815 123 1866 Haec
135 1812 241 1865 monuit
253 1810 288 1864 cl.
303 1810 398 1863 Lefeb.
479 1869 481 1874 ¹

91 1919 136 1966 51.
158 1900 209 1953 Hic
220 1916 313 1952 versus
325 1898 390 1951 olim
402 1898 543 1969 legebatur

128 1988 161 2040 Et
172 1998 223 2057 spes
234 1987 339 2055 abrupta
351 1987 455 2049 emedto,
468 1987 494 2038 in
499 1986 663 2055 penetralibus
671 1999 753 2040 atram

91 2074 143 2126 Sed
156 2090 209 2126 non
222 2071 283 2125 satis
297 2070 391 2124 Latine
403 2083 425 2123 et
436 2082 488 2140 spes
506 2072 612 2141 abrupta
633 2093 645 2125 e
661 2075 744 2126 media.
766 2073 858 2127 Barth.

57 2173 79 2214 et
89 2173 140 2231 spes
152 2161 262 2230 abrupta
271 2161 353 2212 meda.
385 2162 442 2212 Nos
453 2177 516 2212 cum
528 2160 621 2221 Heins.
640 2171 666 2213 et
679 2161 773 2215 Lefeb.

126 2247 159 2299 Et
169 2257 220 2317 spes
232 2245 350 2315 abrupta,
363 2246 445 2298 mediis
452 2245 615 2313 penetralibus
626 2257 707 2300 atram

41 2336 43 2339 ’
94 2354 153 2387 121.
174 2353 229 2387 nam
241 2352 317 2386 sonno
334 2333 467 2403 aspersam]
487 2333 529 2385 Sic
549 2334 641 2385 Herns.
664 2333 786 2399 conjecit,
808 2351 862 2386 non

56 2423 136 2476 male.
151 2431 177 2474 et
190 2421 226 2474 sic
239 2422 336 2474 excudi
346 2421 426 2486 jussit
439 2420 673 2492 [deb-Vulgo,
685 2441 783 2494 namque
794 2434 865 2492 asper

54 2528 264 2564 sorana—summo
276 2510 330 2561 Ox.
345 2519 371 2561 et
384 2510 445 2562 Put.

39 2606 42 2620 ²
93 2615 152 2661 ¹40·
173 2595 330 2649 Rectissime
342 2595 385 2648 hic
394 2612 487 2650 versus
500 2615 515 2650 a
527 2583 612 2650 doctis
621 2614 670 2667 pro
682 2597 773 2666 spurio
786 2596 862 2650 habi·

55 2697 99 2739 tus
108 2697 158 2752 est,
169 2685 300 2754 (multum
308 2686 369 2739 licet
377 2696 471 2740 contra
483 2688 583 2741 nitente
590 2689 758 2758 Dausquejo)
765 2691 863 2762 quippe

56 2775 102 2843 qui
114 2774 208 2827 exulat
221 2792 237 2826 a
249 2774 352 2845 scriptIs
364 2785 391 2828 et
403 2775 480 2828 editis
493 2788 553 2830 ante
564 2775 712 2844 Juntinam.

93 2880 152 2929 145.
173 2865 319 2932 Sequentes
331 2880 436 2928 versus,
451 2865 583 2935 usquead
601 2882 630 2917 v.
650 2883 710 2932 2²5·
724 2884 740 2919 a
753 2868 866 2922 vetustis

58 2953 157 3006 absunt
180 2951 388 3024 exemplaribus.
427 2952 517 3008 Primo
534 2953 632 3008 invecti
653 2964 715 3008 sunt
736 2955 769 3011 ab
787 2957 863 3012 And.
