2010 3450
91 271 140 318 182
301 281 390 321 niune
409 280 476 319 xvi.
515 280 545 317 v.
557 271 703 331 3⁸5r-414·

94 383 212 438 Assiduo
224 385 355 439 violenter
366 402 458 454 equos,
471 400 520 436 ceu
532 393 623 436 monte
634 382 754 454 procella

95 469 166 524 Cum
179 471 266 524 subita
277 489 310 524 ex
324 471 379 524 alto
391 471 457 536 ruit,
469 486 553 541 usque
564 470 599 523 ad
610 469 680 522 colla
691 479 802 539 repente

96 557 280 630 Cornipedum
289 570 438 631 protentus,
451 569 477 612 et
489 559 516 611 in
526 558 612 629 capita
622 559 706 611 ardua
717 560 849 629 pendens,

97 646 221 698 Concitat
231 647 378 713 ardentem,
391 646 466 717 quod
478 645 560 700 ferret
572 645 630 698 lora
642 636 783 712 secundus,

98 735 260 801 Panchaten,
272 753 404 804 vocesque
415 735 489 788 addit
500 752 563 789 cum
574 734 687 788 verbere
698 734 814 790 mixtase

98 821 185 886 Tene,
197 825 293 888 Astur,
302 834 421 877 certante
433 823 500 877 feret
512 814 653 893 quisquam
664 839 772 893 aequore
784 822 888 896 palmati

99 909 217 980 Erepto?
233 910 382 981 Consurge,
395 908 468 974 vola,
482 909 619 979 perlabere
631 925 758 979 campum

99 1000 221 1053 Assuetis
233 1001 312 1055 velox
324 1000 428 1072 pennis.
447 1000 577 1054 decrescit
588 1001 685 1054 anbelo

99 1086 209 1141 Pectore
220 1101 376 1143 consumtus
389 1089 524 1160 Lampon:
544 1105 593 1142 nec
606 1098 686 1142 restat
698 1089 793 1155 hianti,

101 1179 191 1250 Qem
202 1176 269 1230 ferat
280 1178 314 1231 ad
326 1187 418 1241 metas,
429 1177 485 1244 jam
497 1177 614 1247 spiritus.
635 1178 700 1231 Haec
710 1178 757 1231 ubi
769 1178 851 1247 dicta,

100 1263 187 1318 Tollit
200 1282 227 1318 se
238 1265 352 1337 sonipes,
366 1283 413 1320 ceu
423 1274 488 1319 tunc
499 1282 514 1318 e
526 1259 631 1327 carcere
642 1265 730 1335 primo

101 1351 256 1424 Corriperet
268 1352 392 1424 spatium,
405 1363 442 1419 et,
454 1352 584 1406 nitentem
595 1369 730 1425 opponere
740 1370 840 1407 curvos

103 1444 161 1496 Aut
173 1460 278 1511 aequare
289 1442 397 1515 gradus,
411 1441 534 1512 Cyrnum
547 1451 608 1512 post
620 1453 695 1512 terga
705 1440 840 1512 relinquit.

51 1548 71 1574 ¹·
103 1531 254 1587 Confremit
266 1543 293 1585 et
304 1532 415 1597 coelum,
429 1541 456 1584 et
467 1547 607 1602 percussus
619 1529 731 1584 vocibus
741 1529 804 1583 altis
852 1544 856 1551 ·

103 1621 273 1690 spectantum
286 1619 391 1675 Circus.
412 1621 508 1672 Fertur
520 1616 634 1670 sublime
646 1633 695 1688 per
705 1633 784 1669 auras

103 1706 195 1760 Altius
204 1707 328 1760 attollens
339 1706 471 1761 cervicem
482 1705 571 1758 victor
582 1714 708 1757 ovantem

102 1795 257 1860 Panchates,
270 1796 405 1864 sociosque
415 1793 496 1847 trahit
508 1793 582 1862 prior
593 1793 648 1862 ipse
656 1791 771 1862 jugales.

102 1885 143 1936 At
156 1896 306 1955 postremus
318 1883 407 1947 Atlas,
421 1881 523 1935 Durius
535 1891 686 1951 postremus
695 1880 722 1934 in
730 1880 825 1934 orbern

102 1973 236 2029 Exercent
248 1986 327 2041 artes,
337 1973 421 2026 laevos
433 1989 503 2025 nuuc
514 1970 615 2042 appetit
626 1970 672 2022 ille
740 2001 743 2007 -

103 2063 231 2128 Connus,
245 2080 316 2116 nunc
328 2062 374 2115 ille
384 2060 491 2132 premit,
505 2069 643 2130 certatque
656 2058 746 2114 subire

103 2151 216 2216 Dexter,
229 2161 256 2204 et
268 2149 362 2204 alterni
375 2147 554 2219 nequidquam
566 2147 659 2201 fallere
671 2155 793 2200 tentante

105 2239 208 2303 Donec,
220 2237 335 2291 confisus
347 2235 483 2307 primaevae
496 2235 561 2288 flore
570 2235 701 2300 juventae,

105 2323 255 2392 Obliquum
269 2323 370 2375 Durius
381 2321 516 2374 conversis
528 2337 629 2391 pronus
641 2318 751 2372 habenis

105 2410 238 2481 Opposuit
248 2427 368 2475 currum,
381 2418 460 2476 atque
472 2405 596 2461 eversum
608 2406 727 2479 propulit
739 2423 819 2461 axem

104 2498 224 2551 Atlantis
237 2498 308 2552 senio
321 2495 439 2560 invalidi,
453 2496 500 2549 sed
508 2496 581 2561 justa
592 2496 744 2564 querentis:

105 2590 169 2662 Qo
181 2586 252 2641 ruis?
269 2597 315 2640 aut
327 2587 436 2658 quinam
446 2583 491 2638 hic
501 2584 586 2637 rabidi
597 2583 749 2638 certaminis
761 2594 802 2639 est
813 2589 883 2639 most

104 2677 140 2728 Et
153 2674 229 2728 nobis
240 2686 267 2728 et
279 2676 353 2746 equis
365 2675 449 2727 letum
460 2689 603 2727 commune
615 2673 730 2727 laboras.

105 2766 231 2831 Dumque
242 2763 436 2832 eaproelamat,
448 2762 583 2831 perfracto
594 2763 717 2817 volvitur
727 2779 778 2816 axe

15 2857 17 2862 '
106 2852 239 2916 Cernuus,
252 2871 283 2906 ac
293 2853 393 2923 pariter
405 2853 458 2908 fusi
472 2847 651 2923 (miserabile)
661 2848 758 2924 campo

105 2940 247 2997 Discordes
256 2951 415 3001 sternuntur
427 2943 505 3015 equi:
524 2942 611 3016 quatit
623 2958 732 3016 aequore
744 2952 839 3016 aperto
