2010 3450
101 253 151 304 206
310 257 400 298 um
419 257 500 298 ΠΗ.
535 258 566 297 v.
579 259 728 315 324-353.

101 365 238 428 Dardana,
251 377 300 416 nec
310 372 409 415 nostrae
421 361 505 415 facilis
515 363 661 418 concedere
672 363 765 418 laudi?

101 455 232 516 Teucro,
244 460 280 516 te,
296 460 322 502 te
332 450 512 515 exstimulem,
528 450 576 521 qui
587 451 701 505 fulmina
711 459 816 520 contra,

99 543 137 595 Et
146 541 260 603 nimbos,
274 537 452 608 tonitrusque,
464 555 495 591 ac
507 539 604 592 summi
617 536 734 591 numinis
745 539 798 593 iras

100 632 171 684 Cum
180 639 287 690 starem,
301 625 418 695 perferre
430 625 506 678 ferox
519 625 577 680 haec
588 643 658 680 vana
666 626 782 693 jubebas

100 717 211 782 Nubila,
225 725 251 769 et
263 723 323 768 ante
336 711 432 768 ducem
442 714 576 785 Capitolia
586 715 656 769 celsa
667 716 794 786 petebas?

100 805 177 878 Qid
188 821 246 868 vos,
260 800 321 873 quis
331 801 405 855 claro
415 801 535 856 deletum
545 812 586 855 est
597 804 690 856 Marte
700 805 857 875 Saguntum,

99 893 244 955 Exhorter‚
259 906 324 958 quos
336 888 476 942 nobilitant
488 889 634 960 primordia
645 889 723 943 belli?

99 982 138 1033 Ut
149 994 244 1046 meque
255 987 282 1030 et
294 976 371 1031 vobis
382 976 505 1048 dignum,
518 978 662 1043 defendite,
675 996 782 1049 quaeso,

101 1063 251 1120 Praeteritas
263 1064 370 1141 dextrae·
378 1062 479 1117 laudes.
500 1063 605 1118 Divum
616 1064 672 1135 ipse
685 1063 790 1131 favore,

99 1151 292 1221 vincendoque
305 1167 384 1204 senex
396 1151 509 1222 patriam
521 1160 582 1223 post
593 1152 665 1206 trina
676 1152 812 1208 labantem

102 1242 210 1305 Lustra,
223 1250 249 1293 et
262 1253 315 1293 non
327 1239 398 1293 visos
408 1249 463 1293 tam
476 1240 556 1311 longa
566 1249 644 1294 aetate
655 1250 776 1310 penates,

100 1332 145 1383 Ac
157 1340 257 1392 natum,
270 1338 296 1381 et
307 1327 368 1380 fidae
374 1327 535 1398 jampridem
545 1328 666 1399 conjugis
675 1345 734 1394 ora,

105 1418 229 1473 Confisus
241 1415 327 1482 vobis,
341 1426 442 1488 repeto.
463 1419 526 1471 Non
537 1416 622 1470 altera
632 1427 715 1471 restat

101 1511 163 1578 Jam
175 1506 258 1577 Libye
268 1527 276 1572 ;
295 1523 344 1560 nec
356 1506 497 1561 Dardaniis
508 1523 598 1578 pugna
609 1503 693 1559 altera
704 1516 796 1562 restat.

103 1599 228 1651 Certatus
240 1595 316 1649 nohis
324 1595 403 1649 hodie
414 1595 553 1648 dominum
561 1594 657 1663 accipit
667 1595 752 1650 orbis.

100 1684 234 1740 Hannibal
244 1684 316 1737 haec:
331 1683 441 1737 sednon
453 1683 555 1752 patiens
567 1683 728 1737 remorantia
739 1684 822 1740 verba

102 1773 241 1827 Ausonius
253 1772 454 1840 miles,.quoties
465 1770 520 1824 dux
532 1781 650 1841 coeperat
659 1789 707 1826 ora

101 1859 211 1912 Solvere
222 1856 256 1911 ad
267 1857 370 1922 affatus,
384 1856 489 1927 signum
500 1872 671 1929 pugnamque
682 1858 818 1929 petebant.

102 1951 168 2002 Haec
180 1945 275 2018 procul
288 1944 358 1998 aeria
366 1945 546 2016 speculantem
557 1946 629 1999 nube
641 1963 764 2003 sororem

101 2035 141 2087 Ut
153 2032 221 2086 vidit
235 2030 340 2084 Divirm
351 2030 465 2101 genitor,
479 2043 640 2103 moestosque
652 2035 703 2087 sub
715 2035 771 2089 acri

102 2122 209 2174 Obtutu
219 2119 322 2185 vultus,
336 2119 372 2173 sic
383 2135 430 2172 ore
441 2119 534 2174 effatus
546 2120 631 2175 amico
643 2131 698 2175 est:

104 2212 159 2288 Qi
170 2222 196 2264 te
208 2209 304 2263 mentis
314 2207 398 2261 edunt
409 2224 522 2272 morsus,
535 2209 570 2262 da
581 2225 699 2276 noscere,
711 2212 830 2278 conjux:
843 2239 848 2245 ·

103 2306 177 2357 Num
188 2301 264 2354 Poeni
275 2316 350 2353 casus
362 2298 446 2363 ducis,
459 2307 487 2352 et
500 2297 674 2369 Karthaginis
685 2300 761 2372 angit

104 2391 178 2444 Cura
189 2397 263 2443 tuael
284 2387 334 2440 Sed
347 2387 418 2440 enim
430 2395 525 2457 reputa
537 2397 625 2440 tecum
637 2387 695 2456 ipsa
706 2388 812 2444 furores

105 2477 235 2531 Sidonios.
256 2477 374 2528 Gentem
385 2483 479 2527 contra
490 2484 517 2528 et
528 2474 618 2528 fatalia
629 2492 713 2547 regna

102 2568 275 2619 Teucrorum
287 2563 344 2632 quis
358 2563 418 2628 erit,
432 2580 532 2631 quaeso,
545 2580 681 2635 germana,
695 2565 791 2619 rebelli

104 2653 205 2707 Fractis
215 2653 362 2705 foederibus
374 2652 474 2723 populo
486 2651 582 2705 modus
593 2660 601 2705 l
621 2653 685 2722 Ipsa
695 2653 828 2708 malorum

103 2742 165 2794 Non
176 2738 237 2808 plus
251 2739 390 2808 Karthago
402 2737 475 2803 tulit,
486 2738 661 2807 exhausitque
673 2734 785 2806 laboris,

104 2831 195 2901 Qam
208 2843 256 2896 pro
268 2827 386 2881 Cadmea
396 2827 515 2882 tolerasti
526 2828 643 2883 exercita
654 2839 734 2899 gente

103 2913 236 2971 Turbisti
247 2913 331 2969 maria
341 2933 372 2972 ac
384 2927 476 2984 terras,
485 2918 666 2990 juvenemque
679 2916 799 2974 ferocem
