2010 3450
82 306 117 359 54
302 301 393 344 stara
412 301 469 345 xrs.
504 302 535 342 v.
550 301 663 356 ²5-54·

85 411 167 464 Tune
177 425 258 482 grave
270 407 348 464 cassis
359 424 437 472 onus,
450 405 606 478 majoraque
617 405 736 478 pondera
746 405 805 463 viss

86 499 254 566 Parmarum,
268 516 298 553 ac
309 496 390 566 nullis
401 497 468 551 fusae
480 494 641 550 stridoribus
653 493 746 550 hastae.
759 513 764 526 ·

87 588 177 642 Prima
188 587 379 640 instaurantem
391 584 472 640 sensit
484 583 628 640 certamina
639 583 710 638 mitis

85 675 263 746 Parthenope,
277 691 331 744 non
343 674 418 728 dives
430 689 523 745 opum,
537 690 591 727 non
604 683 693 744 spreta
703 671 819 746 rigoris:

85 766 137 818 Sed
147 775 243 835 portus
252 773 357 817 traxere
369 763 466 828 ducem
477 777 571 818 secura
580 762 718 817 volentem

85 854 218 924 AEquora,
232 869 293 923 quae
304 861 405 922 peteret
417 850 526 905 veniens
538 849 707 923 Karthagine
718 852 828 930 puppis.

84 939 165 996 Nunc
177 939 271 993 molles
283 939 343 993 urbi
354 937 431 1004 ritu's,
443 947 524 1010 atque
536 938 641 1009 hospita
651 936 742 994 Musis

83 1029 157 1094 Otia,
168 1039 196 1083 et
207 1035 344 1083 exemtum
355 1028 427 1084 curis
437 1027 608 1099 gravioribus
620 1045 721 1084 aevum.

85 1115 209 1170 Sirenum
220 1116 294 1170 dedit
305 1134 359 1170 una
371 1133 451 1171 suum
461 1115 636 1171 memorabile
648 1133 746 1171 nomen

87 1203 255 1276 Parthenope
266 1206 351 1260 muris
363 1205 521 1260 Acheloias:
543 1223 650 1275 aequore
661 1206 738 1273 cujus

85 1295 243 1366 Regnavere
254 1294 301 1348 diu
312 1304 417 1361 cantus,
430 1311 494 1349 cum
505 1294 585 1349 dulce
597 1311 644 1366 per
654 1295 741 1348 undas

86 1382 208 1436 Exitium
220 1381 322 1438 miseris
333 1392 440 1438 caneret
452 1400 507 1437 non
518 1399 645 1456 prospera
657 1382 755 1436 nautis.

86 1473 152 1525 Haec
164 1489 233 1541 pone
244 1489 382 1544 aggressus
392 1475 468 1542 (nam
479 1471 598 1526 frontem
606 1472 738 1527 clauserat
751 1471 859 1544 sequor)

86 1559 201 1626 Moenia,
216 1578 269 1614 non
283 1560 350 1616 ullas
361 1560 447 1615 valuit
459 1559 625 1632 perfringere
638 1561 739 1614 Poenus

86 1647 159 1701 Tota
170 1647 241 1701 mole
253 1647 319 1714 vias,
341 1648 495 1720 frustraque
506 1647 636 1720 inglorius
646 1646 704 1700 ausi

87 1731 207 1788 Pulsavit
219 1735 340 1806 quatiens
352 1735 503 1791 obstructas
514 1735 595 1789 ariete
606 1745 708 1807 portas.

88 1824 178 1877 Stabat
190 1823 344 1879 Cannarum
354 1825 440 1892 Graja
450 1825 485 1879 ad
497 1824 645 1880 munimina
656 1824 745 1878 victor

87 1911 288 1982 Nequidquam,
301 1922 328 1965 et
339 1923 426 1967 cautae
439 1912 535 1968 mentis
548 1913 671 1968 consulta
681 1913 815 1983 probabat

87 1999 206 2065 Eventu,
220 2000 267 2071 qui
282 2012 340 2072 post
348 1992 444 2056 'Dauni
455 2003 602 2075 stagnantia
614 2018 697 2075 regna

88 2087 221 2159 Sanguine
233 2089 364 2160 Tarpeias
375 2089 414 2154 ire
425 2072 594 2143 abstinuisset
605 2090 639 2143 ad
650 2106 733 2143 arces.

87 2175 140 2239 En,
154 2175 200 2245 qui
212 2192 260 2228 nos
272 2193 377 2248 segnes,
389 2187 416 2231 et
428 2177 530 2231 nescire
541 2177 641 2231 addere
652 2193 764 2231 cursum

84 2261 157 2315 Fatis
165 2261 295 2329 jactistis,
309 2265 383 2335 quod
393 2265 471 2318 vobis
483 2266 608 2320 scandere
619 2281 706 2335 nuper

1 2372 2 2375 ¹
87 2351 149 2404 Non
162 2350 216 2404 acie
228 2368 261 2403 ex
271 2352 328 2422 ipsa
339 2368 494 2408 concessum
506 2354 604 2408 moenia
616 2354 727 2420 Romae3

88 2439 199 2514 intrate,
212 2449 292 2510 atque
303 2441 396 2512 epulas
405 2443 548 2512 promissas
560 2445 621 2498 sede
634 2444 769 2498 Tonantis

88 2525 146 2590 His,
161 2543 221 2595 quae
234 2529 319 2596 Grajs
331 2546 425 2584 manus
437 2530 567 2598 defendit,
579 2523 682 2586 reddite
694 2532 782 2586 tectis.

88 2613 169 2668 Talia
177 2615 304 2682 jactabat,
320 2617 450 2688 famaeque
461 2620 564 2689 pudore
575 2619 684 2686 futurae,

88 2701 186 2754 Irritus
198 2702 296 2775 incepti
309 2705 396 2776 prima
407 2707 428 2761 si
440 2707 670 2774 absistereturbe,

89 2788 216 2853 Audebat
227 2803 332 2858 cuncta,
346 2804 426 2865 atque
437 2796 550 2849 acuebat
562 2795 702 2851 fraudibus
714 2815 800 2855 enses.

88 2878 140 2931 Sed
152 2879 247 2932 subitae
259 2882 343 2936 muris
356 2883 480 2950 flammae,
494 2894 604 2957 totoque
616 2885 736 2942 fluebant

87 2964 204 3038 Aggeris
214 2968 338 3024 anfractu
347 2969 400 3025 tela
410 2970 555 3046 improvisa
565 2989 614 3046 per
624 2991 713 3029 auras.
