2010 3450
314 296 407 340 nune
425 298 504 339 nvn.
540 299 570 336 v.
583 291 697 351 55—84.
862 303 908 358 ¹9⁷

104 403 265 476 Augurium
275 401 387 475 clangor
399 403 492 458 laetum
503 402 594 457 dabat.
614 403 690 468 Inde,
704 405 786 458 secuti

104 493 228 546 Tantum
240 507 396 562 progressos
406 491 507 560 liquida
519 492 569 544 sub
579 491 652 544 nube
663 490 780 555 volatus,

105 585 247 654 Qantum
261 597 315 633 non
328 577 429 633 frustra
439 578 625 648 speculantum
637 578 739 633 lumina
750 590 865 646 servant,

104 669 199 723 Litora
209 671 364 739 Agenorem
376 677 520 722 tenuerunt
533 669 634 738 perfido
643 678 734 722 terrae.

104 759 161 828 Nec
173 755 271 826 segnis,
283 765 357 809 tanta
366 755 396 808 in
409 756 624 809 semerveniente
636 754 760 825 procella,

104 843 202 899 Africa
213 842 363 898 terribilem
372 861 471 914 magno
481 843 534 897 suh
543 843 649 897 nomine
661 843 761 897 molem

103 932 188 1004 Regis
197 942 371 1004 opes-contra
381 943 408 985 et
419 933 541 1001 Massyla
549 942 687 1002 paraverat
700 950 783 986 arma.

103 1023 223 1092 Spesque
237 1021 345 1092 Syphax
358 1021 465 1091 Libycis
474 1036 536 1085 una,
549 1031 576 1074 et
588 1021 766 1074 Laurentibus
778 1039 847 1079 unut

102 1110 209 1164 Terror
220 1120 288 1163 erat.
308 1110 430 1180 Campos,
436 1110 537 1180 pariter
547 1108 682 1178 vallesque
695 1108 796 1163 refusas

101 1195 250 1267 Litoraque
261 1196 398 1267 implerat,
405 1196 490 1249 ¹nullo
500 1197 626 1251 decorare
639 1207 726 1266 tapete

102 1284 286 1354 Cornipedem
294 1287 540 1350 Nomasassuetus,
551 1285 693 1355 densaeque
705 1301 753 1355 per
764 1301 842 1339 auras

103 1372 269 1426 Condebant
272 1371 369 1438 jaculis
380 1372 554 1426 stridentibus
566 1371 666 1427 aethera
678 1372 772 1426 nubes.

101 1463 282 1516 immemoris
294 1463 450 1534 dextraeque
457 1465 532 1517 *datae
539 1465 678 1534 junctique
690 1483 738 1536 per
747 1483 806 1520 aras

101 1547 232 1614 Foederisss
244 1552 275 1603 et
283 1566 387 1604 mensas
397 1560 488 1615 testes,
500 1561 581 1621 atque
592 1552 697 1622 hospita
704 1553 776 1618 jura,

100 1644 215 1712 Fasque,
227 1641 362 1711 fidemque
374 1640 464 1705 simul,
478 1659 562 1712 pravo
575 1653 692 1696 mutatus
703 1660 802 1709 amore,

99 1729 327 1800 Ruperat-atque
338 1739 412 1782 toros
423 1730 498 1800 regni
511 1731 632 1788 mercede
644 1731 762 1802 parirat.

99 1817 187 1888 Virgo
198 1828 259 1870 erat·
267 1817 364 1871 eximia
376 1818 462 1890 specie
472 1818 597 1886 claroque
608 1830 728 1890 parente,

100 1905 278 1960 Hasdrubalis
289 1907 386 1975 proles,
398 1907 522 1962 thalamis
533 1924 613 1975 ‘luam
624 1908 695 1978 cepit
707 1919 737 1962 ut
749 1908 818 1975 altis,

99 1994 157 2048 Ceu
170 1992 381 2049 facesuocensus
388 1996 478 2066 prima
488 1996 610 2066 taedaque
621 1995 715 2065 jugali,

99 2082 189 2136 Vertit
204 2096 268 2153 opes
279 2096 362 2152 gener
372 2084 405 2136 ad
420 2084 526 2147 Poenos,
541 2083 678 2152 Latiaeque
690 2082 779 2137 soluto

100 2171 214 2224 Foedere
225 2165 359 2235 amicitiae,
372 2170 470 2224 dotalia
478 2169 616 2224 transtulit
625 2188 708 2223 anna.

99 2258 150 2312 Sed
158 2275 213 2311 non
225 2257 350 2311 Ausonio
361 2275 489 2312 curarum
505 2267 626 2311 extrema
638 2252 785 2329 s'yphacem

98 2343 214 2397 Ductori
226 2343 361 2396 monuisse
373 2343 433 2409 fuit,
447 2343 572 2414 missique
585 2343 721 2397 minantur

99 2429 348 2497 Observettoedus,
359 2447 412 2484 neu
424 2433 495 2502 pacis
502 2434 565 2499 jura
576 2432 703 2497 resolvat,

99 2520 156 2572 Stet
167 2528 382 2590 regno,·r'eputet
393 2522 518 2591 Superos,
530 2532 606 2590 pacta
615 2520 722 2590 hospita
733 2529 838 2575 servett

98 2606 192 2677 Longe
202 2606 338 2677 conjugia,
350 2624 382 2664 ac
393 2607 473 2678 longe
484 2603 757 2679 Tyrioullyu'renaeos

97 2695 174 2747 Inter
187 2695 337 2750 Dardaniae
349 2696 417 2750 acies
428 2686 642 2766 iore-sanguine
650 2695 761 2767 quippe,

99 2781 125 2834 Si
137 2791 244 2848 renuat,
257 2777 358 2838 blando
370 2784 483 2838 nimium
494 2784 617 2855 facilique
631 2785 726 2837 marito

99 2869 208 2923 Statura
216 2865 347 2940 obsequia
357 2881 384 2924 et
395 2871 504 2930 thalami
517 2872 652 2945 flagrantis
661 2889 774 2928 amores.

98 2956 139 3012 Sic
150 2958 248 3014 tatius
259 2960 394 3032 permixta
402 2959 523 3023 minitat
532 2979 607 3019 cassa
617 2961 743 3025 movebat
