2010 3450
321 297 412 341 nnn
430 296 463 335 x·
498 295 527 335 v.
541 283 690 352 595-624.
871 291 905 340 23

99 405 228 464 elamitae
238 401 358 458 attonitis
370 403 478 468 Fabius,
490 403 554 459 Non
564 398 622 454 ulla
632 395 724 454 relicta
733 405 773 450 est

99 494 236 566 (Credite)
250 491 394 546 cunctandi
406 490 484 550 ratio·
503 501 726 560 approperemusr
743 491 774 536 ut
784 479 870 538 boet'u

97 581 290 653 Nequidquam
300 589 416 632 πωπω
426 577 496 632 ausit
507 575 649 635 succedere
662 587 762 626 murus.

99 672 176 724 Dura
187 671 258 722 inter
269 667 382 740 pavidos
393 667 475 720 alitur
487 664 596 720 senuna
608 661 736 725 sedendo,

99 759 135 811 Et
146 759 266 832 gliscunt
277 756 390 810 adversa
402 764 490 811 metus
509 754 546 806 ite
557 752 642 816 ocius,
655 765 731 804 arma

99 847 231 917 Deripite‚
244 863 261 898 o
273 846 368 916 pubes,
381 843 497 912 templis.
517 858 567 896 vos
577 841 643 895 atria
655 839 753 910 raptim

99 935 216 997 Nudam,
229 942 256 986 et
268 931 368 1003 clipeos
380 930 408 983 in
420 930 492 984 belia
502 929 605 1000 refigite
616 936 718 998 oeptos.

100 1024 144 1076 Sat
156 1022 251 1094 patria·
263 1037 371 1086 sumus3
389 1036 405 1074 e
417 1035 530 1073 numero
542 1018 563 1071 si
574 1019 609 1071 ad
620 1015 714 1087 proelia
725 1021 820 1068 nostro

99 1111 144 1163 Nil
156 1108 254 1162 minuit
265 1124 361 1177 pavor.
383 1109 416 1160 In
428 1106 526 1177 parulis
538 1105 584 1158 iila
596 1103 704 1158 horrida
715 1101 815 1172 campis

102 1198 140 1250 sir
152 1199 297 1252 metuenda
308 1197 379 1250 lues:
399 1213 492 1249 muros
502 1195 575 1248 haud
587 1191 695 1265 fregerit
707 1205 834 1264 unquam,

100 1287 244 1340 Exsultare
256 1286 324 1338 levis
337 1285 436 1338 nudato
448 1300 571 1355 corpore,
584 1286 711 1336 Maurus.

102 1375 178 1427 Dum
191 1373 288 1426 Fabius
301 1373 387 1444 lapsas
399 1372 470 1426 acuit
482 1371 623 1427 formidine
635 1380 746 1434 mentes,

100 1463 253 1514 Varronem
264 1462 410 1514 adventare
420 1477 506 1532 vagus
516 1475 565 1531 per
576 1459 675 1513 moenia
686 1473 780 1513 rumor

102 1549 218 1619 spargit,
231 1558 258 1600 et
270 1548 377 1602 occulto
388 1547 525 1620 perfundit
537 1557 645 1618 pectora
656 1556 742 1599 motu.

102 1637 182 1689 Haud
194 1652 279 1701 secus,
293 1652 323 1688 ac
336 1635 429 1689 fractae
441 1646 530 1690 rector
539 1635 561 1688 si
573 1635 641 1688 forte
651 1633 751 1688 carinae

103 1723 240 1777 Litoribus
251 1724 325 1777 solus
336 1725 428 1778 vacuis
439 1740 473 1777 ex
485 1741 592 1794 aequore
604 1737 693 1794 sospes

102 1813 235 1878 Adnatet,
247 1812 343 1865 incerti
353 1813 496 1884 trepidant,
509 1813 664 1876 tendantne,
676 1816 808 1880 negentne
899 1846 903 1851 .

100 1902 204 1968 Jactato
216 1901 335 1966 dextras,
348 1903 484 1972 ipsamque
496 1903 577 1956 odere
589 1899 703 1954 salutem
807 1949 811 1956 .

102 1989 189 2042 Unius
200 1989 296 2042 anrissa
308 1991 457 2060 superantis
467 2008 557 2062 puppe
570 1989 700 2060 magistri.

105 2081 195 2151 Qam
206 2087 306 2130 restare
317 2077 377 2130 viro
389 2078 487 2144 labem,
501 2080 546 2148 qui
557 2079 681 2133 accedere
693 2076 776 2148 portis

104 2165 224 2228 Audeat,
233 2181 266 2218 ac
278 2164 368 2218 dirum
380 2166 469 2219 veniat
480 2167 662 2239 pavitantibus
674 2169 766 2218 omen!

104 2254 160 2306 Hos
170 2252 292 2307 mulcens
303 2264 412 2323 questus
425 2255 523 2309 Fabius
533 2255 653 2308 deforme
665 2254 777 2306 docebat

106 2340 236 2395 Cladibus
247 2341 333 2406 irasci,
347 2343 516 2414 uulgumque
527 2346 633 2399 arcebat
645 2345 678 2397 ab
690 2344 740 2396 ira.

105 2428 241 2482 Adversis
248 2429 348 2482 etenim
361 2429 448 2502 frangi
460 2448 514 2484 non
524 2449 580 2485 esse
591 2433 724 2497 virorum,
837 2429 839 2434 ’

108 2519 163 2590 Qi
176 2519 299 2570 Martem
311 2517 457 2572 inscribant
468 2520 552 2590 genti,
565 2538 618 2574 non
630 2537 708 2591 posse
719 2517 824 2573 dolores

107 2606 240 2671 Condere,
254 2616 327 2659 etex
339 2623 421 2677 poena
432 2609 527 2662 solatia
539 2626 646 2679 poscere
657 2611 755 2664 luctus.

108 2694 133 2747 Si
143 2711 210 2748 vero
221 2696 373 2764 exprobare
385 2697 482 2761 sinant,
493 2698 541 2751 sibi
553 2698 655 2751 tristius
667 2698 751 2771 ilium

107 2781 232 2836 llluxisse
244 2782 327 2850 diem,
342 2802 397 2855 qur>
408 2788 501 2840 caetris
513 2788 611 2841 viderit
623 2788 665 2840 ire.

108 2871 270 2939 Varronem,
284 2890 431 2945 quamquo
441 2875 531 2929 videat
544 2892 661 2930 remeare
673 2877 729 2930 sine
739 2876 829 2932 annis.

110 2958 161 3022 His
168 2958 249 3020 dictis
259 2961 352 3016 sedere
364 2963 454 3029 mime,
467 2971 494 3016 er
505 2980 635 3022 conversa
646 2976 755 3038 repeme
786 3000 789 3005 »
806 2975 808 2981 “
