2010 3450
447 274 557 327 80⁸1·AE-
855 280 907 334 ²59

138 405 198 440 201.
218 381 500 456 quaeum-jaculo]
524 381 553 434 A
574 379 652 434 sibilo
671 378 756 436 literae
774 400 787 433 s
805 358 908 435 iactum

100 477 155 549 quis
166 474 245 533 cedere
256 474 285 528 in
302 469 423 542 scriptis;
443 480 470 522 et
486 469 549 523 hinc
567 469 692 523 turbatus
712 485 820 540 seusus.
834 469 907 540 quod

97 564 168 619 vidit
180 561 315 617 Heinsius.
347 561 381 613 In
392 557 509 629 vulgatis

306 649 464 718 --qru‘s
476 648 555 702 cedere
566 658 649 713 neura

169 732 222 790 Non
235 737 426 806 no‘runtjacula.

100 827 153 884 Sed
170 826 259 898 potius
277 823 356 880 debet
371 823 480 879 laudare
497 841 556 892 rex,
578 842 659 895 quam
678 833 857 890 contemnere,
875 832 905 875 ur

101 927 174 979 recte
188 924 278 971 monet
291 911 425 965 Heinsius.
440 912 529 982 (Les.)

134 1023 195 1070 334.
216 1001 408 1072 rapto-curru]
427 1010 499 1069 rapto
515 1000 606 1058 Heius.
630 1003 760 1072 probante
778 1000 864 1054 Drak.
878 1008 905 1050 et

100 1089 299 1158 Lef.--Scripti
312 1089 408 1158 rapido.
428 1089 503 1141 Tum
512 1105 561 1159 pro
570 1108 651 1155 cursu,
661 1089 772 1161 vulgata
782 1089 904 1151 lectione,

100 1178 199 1233 Colon.
214 1196 298 1231 curru.
503 1177 507 1181 ’

134 1288 149 1334 3
153 1275 195 1335 38.
213 1267 345 1338 proerepto]
365 1264 532 1336 Scripticum
543 1265 596 1318 Ed.
610 1265 705 1335 Pomp.
719 1275 745 1318 et
758 1264 795 1317 ita
807 1264 906 1317 Les.—

99 1359 133 1412 C.
147 1355 222 1410 Tell.
231 1366 358 1426 precepto.
372 1355 445 1426 quod
456 1364 483 1407 et
494 1369 572 1409 antea
582 1355 730 1420 conjecerat
741 1352 834 1408 Heius.

132 1463 195 1512 453.
215 1444 289 1498 honor
300 1444 346 1515 est]
360 1443 503 1512 Sequimur
516 1444 618 1510 Dausq.
633 1454 660 1495 et
672 1442 764 1496 Heius.
778 1457 842 1503 cum
851 1441 903 1494 Le-

98 1531 276 1601 feb.-Vulg.
290 1531 373 1598 honor,
389 1542 421 1584 et.
451 1533 527 1587 Tum
540 1534 646 1587 Atlanta
658 1549 720 1587 cum
737 1530 831 1586 eodem
843 1529 902 1588 Les.

98 1637 152 1676 non
164 1620 284 1673 Atlantis.

132 1725 195 1774 514·
215 1709 367 1780 quacunquc]
387 1708 500 1780 Corrige
512 1708 539 1762 in
552 1728 710 1782 quascunque.

133 1814 194 1862 530.
215 1796 313 1869 crimine
333 1796 406 1849 noxia
423 1797 490 1868 uita]
504 1797 551 1861 ¹Sic
570 1797 664 1853 Heius.
684 1813 719 1849 ex
739 1796 902 1862 conjectura.

97 1883 197 1954 Scripti
209 1884 312 1939 crimina
325 1886 397 1948 noxie
410 1886 476 1943 vita.

133 1992 195 2042 590.
206 1971 258 2044 fir]
278 1971 354 2025 Libri
365 1984 398 2026 et.
431 1973 482 2027 Sed
501 1976 603 2046 optimo
622 1991 700 2028 sensu
719 1976 812 2031 Burm.
827 1975 904 2041 cujus

97 2061 280 2127 conjecturam
292 2060 319 2112 in
329 2070 435 2114 textum
444 2063 603 2133 recepimus.
643 2061 737 2117 Lefeb.
750 2080 786 2119 cn.

132 2167 195 2217 592.
209 2149 287 2220 signis
298 2148 377 2202 lectio
388 2150 615 2205 membranarum.
630 2152 725 2205 Burm.
735 2153 813 2224 regno,
834 2153 904 2221 quod

96 2237 194 2315 placet.

133 2329 195 2376 620.
216 2324 303 2378 Drak‘.
317 2342 380 2380 cum
397 2326 472 2398 vulg.
488 2327 571 2381 hostes.
604 2328 746 2396 Sequimur
763 2327 823 2388 Lei.
837 2328 902 2383 scri·

97 2413 188 2470 hendo
200 2413 270 2468 hosti.
302 2415 404 2486 Accipe
406 2415 487 2485 fessos
498 2415 531 2472 de
544 2414 684 2473 Romanis.

132 2506 194 2568 625.
214 2502 303 2574 quanti
311 2511 345 2554 est
353 2504 435 2575 cedas]
454 2502 537 2575 Vulg.
552 2507 640 2577 quanti
647 2515 681 2559 est
694 2517 721 2563 ut
736 2507 813 2561 cedas.
826 2523 902 2562 men-

88 2591 172 2644 dose.
199 2590 292 2643 Heius.
307 2599 334 2643 et
349 2590 435 2645 Drak.
450 2594 538 2665 quanti
554 2605 581 2647 ut
590 2595 667 2648 cedas.
699 2597 756 2649 Nos
767 2611 830 2649 cum
842 2593 903 2649 Lei.

98 2678 216 2734 verbum
229 2677 426 2734 substantivum
438 2681 595 2753 recepimus,
608 2683 706 2737 omisso
715 2695 752 2738 ut.

134 2768 197 2817 ⁶26.
216 2766 325 2838 emerito]
343 2767 381 2825 Ut
398 2767 577 2832 instat.111.
590 2788 652 2841 591.
685 2771 787 2841 Accipe
797 2772 831 2826 de
844 2788 905 2829 sene

99 2852 194 2907 Fabio.
215 2863 242 2906 et
260 2853 344 2931 sice.
360 2855 421 2909 Col.
435 2841 488 2910 Ed.
510 2844 617 2930 Pomp..
634 2861 722 2918 Mars.
741 2846 769 2918 el
786 2846 902 2927 Aulai}

100 2941 174 2995 Aliis
186 2952 220 2995 est
232 2941 332 3014 inepte.
345 2953 376 2998 ut
390 2945 476 3000 Drak.
493 2945 583 3016 (Lei.)
862 2936 865 2941 ⁵
