2010 3450
102 273 150 325 16⁶
307 279 397 324 urere
417 282 472 323 xv.
507 282 538 322 v.
550 271 698 334 tos-826·-

104 390 238 442 Actutum
248 387 359 442 vindex.
379 389 445 441 Mea
456 386 478 441 si
490 402 616 457 suprema
627 384 729 440 referre

104 475 193 528 Fratri
205 476 289 529 verba
301 492 388 546 paras,
402 476 510 540 mando,
524 474 657 544 Capitolia
668 475 756 532 victor

106 565 220 629 Exurat,
233 563 368 634 cinerique
380 564 456 632 Jovis
468 564 624 634 permisceat
634 579 694 617 ossa

107 652 144 704 Et
155 651 257 707 cineres
268 662 383 706 nostros.
404 652 565 723 cupientem
575 663 717 707 annectere
727 653 808 724 plura

108 740 321 809 Ferventemque
334 739 372 792 ira
383 739 478 792 mortis
489 739 687 793 transverberet
698 756 772 808 ense,

108 826 146 880 Et
158 827 226 897 rapit
238 827 350 881 infidum
361 827 450 881 victor
461 836 551 897 caput.
571 827 690 897 Agmina
701 827 763 884 fuso

110 914 273 967 Sternuntur
284 915 362 980 duce,
374 933 428 968 non
441 915 513 969 ultra
524 914 632 969 fidentia
644 916 741 971 Marti.

109 1001 221 1068 Jamque
232 1001 304 1055 diern
314 1002 430 1072 solisque
440 1003 497 1057 vias
510 1018 563 1056 nox
572 1003 684 1057 abstulit
694 1015 765 1071 atra,
807 1064 809 1067 ,

110 1093 184 1146 Cum
195 1093 266 1148 vires
278 1110 359 1164 pareo
369 1094 444 1149 victu
455 1111 601 1163 somnoque
611 1094 760 1149 reducunt:

111 1181 165 1246 Ac,
177 1182 297 1234 nondum
309 1193 442 1236 remeante
454 1182 507 1249 die,
519 1182 640 1237 victricia
651 1182 736 1253 signu,

112 1272 175 1342 Qta
185 1279 308 1335 ventum,
322 1270 442 1323 referunt
453 1269 549 1324 clausis
560 1269 701 1324 formidine
712 1268 816 1327 castris.

80 1383 82 1386 ·
111 1360 189 1412 Turn
200 1360 283 1424 Nero,
296 1373 408 1429 procera
419 1359 543 1412 sublimia
552 1358 663 1429 cuspide
673 1369 785 1428 portans

113 1448 169 1499 Ora
180 1446 254 1499 ducis
269 1446 340 1511 caesi,
357 1447 463 1501 Cannas
474 1447 654 1518 pensavimus,
667 1447 765 1517 inquit,

114 1534 259 1600 Hannibal,
272 1545 298 1587 et
311 1535 451 1600 Trebiam,
463 1546 491 1587 et
500 1534 661 1604 Trasymeni
672 1534 754 1590 litora
764 1518 858 1592 tecum

115 1627 243 1676 Fraterno
253 1621 349 1694 capite.
369 1625 393 1689 l,
406 1622 513 1694 duplica
525 1639 597 1676 nunc
608 1621 710 1693 perfida
719 1623 802 1692 bella,

113 1709 150 1763 Et
161 1710 279 1781 geminas
290 1727 391 1764 arcesse
403 1712 481 1765 acies.
503 1714 569 1766 Haec
581 1712 691 1782 praemia
702 1724 814 1782 restam,

116 1800 172 1873 Qi
184 1811 230 1853 tua
240 1799 369 1853 tramissis
381 1798 501 1868 optarint
514 1799 633 1869 Alpibus
641 1817 725 1855 arma.

115 1887 280 1958 Compressit
291 1887 413 1940 lacrimas
422 1887 530 1953 Poenus,
543 1888 693 1958 minuitque
703 1888 815 1946 ferendo

115 1977 276 2028 Constanter
287 1974 366 2039 mala,
381 1985 417 2039 et,
430 1974 539 2028 inferias
548 1976 577 2029 in
588 1987 709 2048 tempore
719 1976 815 2052 dignas
845 1985 850 1995 ”

115 2066 266 2118 Missurum
276 2063 363 2129 fratri,
375 2063 466 2117 clauso
477 2076 691 2120 commurmurat
701 2083 759 2122 ore.

116 2155 200 2216 Turn,
212 2152 304 2206 castris
315 2152 410 2224 procul
419 2152 524 2218 amotis,
536 2153 648 2207 adversa
659 2154 746 2223 quiete

117 2239 304 2307 Dissimulans‚
315 2240 399 2295 dubia
409 2240 524 2296 exclusit
534 2241 679 2296 certamina
690 2241 800 2299 Martie.
