<?xml version="1.0" encoding="UTF-8"?>
<!DOCTYPE html PUBLIC "-//W3C//DTD XHTML 1.0 Transitional//EN"
    "http://www.w3.org/TR/xhtml1/DTD/xhtml1-transitional.dtd">
<html xmlns="http://www.w3.org/1999/xhtml" xml:lang="en" lang="en">
 <head>
  <title>
</title>
<meta http-equiv="Content-Type" content="text/html;charset=utf-8" />
  <meta name='ocr-system' content='tesseract 3.04.00' />
  <meta name='ocr-capabilities' content='ocr_page ocr_carea ocr_par ocr_line ocrx_word'/>
</head>
<body>
  <div class='ocr_page' id='page_1' title='image "./cajisiliiitalic00unkngoog_0221.png"; bbox 0 0 2010 3450; ppageno 0'>
   <div class='ocr_carea' id='block_1_1' title="bbox 138 275 747 332">
    <p class='ocr_par' dir='ltr' id='par_1_1' title="bbox 138 275 747 332">
     <span class='ocr_line' id='line_1_1' title="bbox 138 275 747 332; baseline -0.02 -5"><span class='ocrx_word' id='word_1_1' title='bbox 138 291 188 328; x_wconf 76' lang='lat' dir='ltr'>ara</span> <span class='ocrx_word' id='word_1_2' title='bbox 337 280 427 323; x_wconf 77' lang='lat' dir='ltr'>nisan</span> <span class='ocrx_word' id='word_1_3' title='bbox 440 280 520 322; x_wconf 80' lang='lat' dir='ltr'>xvir.</span> <span class='ocrx_word' id='word_1_4' title='bbox 556 281 585 318; x_wconf 91' lang='lat' dir='ltr'>v.</span> <span class='ocrx_word' id='word_1_5' title='bbox 598 275 747 332; x_wconf 80' lang='lat'>507—537.</span> 
     </span>
    </p>
   </div>
   <div class='ocr_carea' id='block_1_2' title="bbox 67 373 915 3002">
    <p class='ocr_par' dir='ltr' id='par_1_2' title="bbox 127 373 890 806">
     <span class='ocr_line' id='line_1_2' title="bbox 141 373 890 458; baseline -0.011 -14"><span class='ocrx_word' id='word_1_6' title='bbox 141 389 269 454; x_wconf 75' lang='lat' dir='ltr'>ventilat,</span> <span class='ocrx_word' id='word_1_7' title='bbox 282 397 309 442; x_wconf 90' lang='lat' dir='ltr'>et</span> <span class='ocrx_word' id='word_1_8' title='bbox 319 387 441 442; x_wconf 85' lang='lat' dir='ltr'>volucres</span> <span class='ocrx_word' id='word_1_9' title='bbox 454 384 553 458; x_wconf 79' lang='lat' dir='ltr'>spargit</span> <span class='ocrx_word' id='word_1_10' title='bbox 565 401 614 455; x_wconf 89' lang='lat' dir='ltr'>per</span> <span class='ocrx_word' id='word_1_11' title='bbox 624 373 890 439; x_wconf 60' lang='lat' dir='ltr'>culmina&#39;flammas:</span> 
     </span>
     <span class='ocr_line' id='line_1_3' title="bbox 127 469 796 543; baseline -0.009 -14"><span class='ocrx_word' id='word_1_12' title='bbox 127 525 131 529; x_wconf 85' lang='lat'>.</span> <span class='ocrx_word' id='word_1_13' title='bbox 141 475 298 531; x_wconf 88' lang='lat' dir='ltr'>Attonitum</span> <span class='ocrx_word' id='word_1_14' title='bbox 307 473 423 543; x_wconf 84' lang='lat' dir='ltr'>erumpit</span> <span class='ocrx_word' id='word_1_15' title='bbox 435 473 523 526; x_wconf 87' lang='lat' dir='ltr'>subita</span> <span class='ocrx_word' id='word_1_16' title='bbox 533 471 675 525; x_wconf 85' lang='lat' dir='ltr'>formidine</span> <span class='ocrx_word' id='word_1_17' title='bbox 686 469 796 542; x_wconf 78' lang='lat' dir='ltr'>vulgus,</span> 
     </span>
     <span class='ocr_line' id='line_1_4' title="bbox 142 558 790 633; baseline -0.009 -17"><span class='ocrx_word' id='word_1_18' title='bbox 142 565 261 632; x_wconf 89' lang='lat' dir='ltr'>Lateque</span> <span class='ocrx_word' id='word_1_19' title='bbox 272 573 303 617; x_wconf 94' lang='lat' dir='ltr'>ut</span> <span class='ocrx_word' id='word_1_20' title='bbox 313 571 390 633; x_wconf 88' lang='lat' dir='ltr'>capta</span> <span class='ocrx_word' id='word_1_21' title='bbox 403 561 499 630; x_wconf 87' lang='lat' dir='ltr'>passim</span> <span class='ocrx_word' id='word_1_22' title='bbox 510 559 659 627; x_wconf 87' lang='lat' dir='ltr'>trepidatur</span> <span class='ocrx_word' id='word_1_23' title='bbox 670 558 698 611; x_wconf 92' lang='lat' dir='ltr'>in</span> <span class='ocrx_word' id='word_1_24' title='bbox 710 558 790 611; x_wconf 87' lang='lat' dir='ltr'>urbe.</span> 
     </span>
     <span class='ocr_line' id='line_1_5' title="bbox 141 645 788 714; baseline -0.006 -11"><span class='ocrx_word' id='word_1_25' title='bbox 141 652 245 703; x_wconf 90' lang='lat' dir='ltr'>Verum</span> <span class='ocrx_word' id='word_1_26' title='bbox 257 650 303 703; x_wconf 85' lang='lat' dir='ltr'>ubi</span> <span class='ocrx_word' id='word_1_27' title='bbox 314 647 434 702; x_wconf 90' lang='lat' dir='ltr'>cunctari</span> <span class='ocrx_word' id='word_1_28' title='bbox 444 647 524 701; x_wconf 76' lang='lat' dir='ltr'>taedet</span> <span class='ocrx_word' id='word_1_29' title='bbox 535 646 653 714; x_wconf 89' lang='lat' dir='ltr'>dispersa</span> <span class='ocrx_word' id='word_1_30' title='bbox 664 645 788 699; x_wconf 84' lang='lat' dir='ltr'>virorum</span> 
     </span>
     <span class='ocr_line' id='line_1_6' title="bbox 144 723 773 806; baseline -0.008 -15"><span class='ocrx_word' id='word_1_31' title='bbox 144 737 244 791; x_wconf 88' lang='lat' dir='ltr'>Proelia</span> <span class='ocrx_word' id='word_1_32' title='bbox 256 745 410 806; x_wconf 75' lang='lat' dir='ltr'>sectantem,</span> <span class='ocrx_word' id='word_1_33' title='bbox 423 744 450 788; x_wconf 89' lang='lat' dir='ltr'>et</span> <span class='ocrx_word' id='word_1_34' title='bbox 462 723 557 787; x_wconf 83' lang='lat' dir='ltr'>leviori</span> <span class='ocrx_word' id='word_1_35' title='bbox 569 735 661 786; x_wconf 89' lang='lat' dir='ltr'>Marte</span> <span class='ocrx_word' id='word_1_36' title='bbox 673 734 773 786; x_wconf 78' lang='lat' dir='ltr'>teneri:</span> 
     </span>
    </p>

    <p class='ocr_par' dir='ltr' id='par_1_3' title="bbox 142 820 874 1238">
     <span class='ocr_line' id='line_1_7' title="bbox 142 820 837 890; baseline -0.006 -12"><span class='ocrx_word' id='word_1_37' title='bbox 142 827 243 878; x_wconf 86' lang='lat' dir='ltr'>Omnes</span> <span class='ocrx_word' id='word_1_38' title='bbox 255 824 282 877; x_wconf 93' lang='lat' dir='ltr'>in</span> <span class='ocrx_word' id='word_1_39' title='bbox 294 839 414 878; x_wconf 82' lang='lat' dir='ltr'>caussam</span> <span class='ocrx_word' id='word_1_40' title='bbox 424 821 487 875; x_wconf 87' lang='lat' dir='ltr'>belli</span> <span class='ocrx_word' id='word_1_41' title='bbox 500 831 690 890; x_wconf 83' lang='lat' dir='ltr'>auctoremque</span> <span class='ocrx_word' id='word_1_42' title='bbox 703 820 837 875; x_wconf 85' lang='lat' dir='ltr'>malorum</span> 
     </span>
     <span class='ocr_line' id='line_1_8' title="bbox 142 908 862 979; baseline -0.004 -14"><span class='ocrx_word' id='word_1_43' title='bbox 142 915 253 966; x_wconf 85' lang='lat' dir='ltr'>Vertere</span> <span class='ocrx_word' id='word_1_44' title='bbox 262 912 318 976; x_wconf 90' lang='lat' dir='ltr'>jam</span> <span class='ocrx_word' id='word_1_45' title='bbox 326 911 397 965; x_wconf 86' lang='lat' dir='ltr'>vires</span> <span class='ocrx_word' id='word_1_46' title='bbox 407 910 513 962; x_wconf 87' lang='lat' dir='ltr'>tandem</span> <span class='ocrx_word' id='word_1_47' title='bbox 526 909 621 979; x_wconf 90' lang='lat' dir='ltr'>placet.</span> <span class='ocrx_word' id='word_1_48' title='bbox 641 908 778 971; x_wconf 81' lang='lat' dir='ltr'><strong>Hannibal</strong></span> <span class='ocrx_word' id='word_1_49' title='bbox 791 925 862 963; x_wconf 83' lang='lat' dir='ltr'>unus</span> 
     </span>
     <span class='ocr_line' id='line_1_9' title="bbox 144 996 874 1073; baseline -0.005 -20"><span class='ocrx_word' id='word_1_50' title='bbox 144 1001 219 1054; x_wconf 90' lang='lat' dir='ltr'>Dum</span> <span class='ocrx_word' id='word_1_51' title='bbox 231 1008 321 1063; x_wconf 89' lang='lat' dir='ltr'>restet,</span> <span class='ocrx_word' id='word_1_52' title='bbox 332 1015 396 1063; x_wconf 90' lang='lat' dir='ltr'>non,</span> <span class='ocrx_word' id='word_1_53' title='bbox 410 997 430 1050; x_wconf 86' lang='lat' dir='ltr'>si</span> <span class='ocrx_word' id='word_1_54' title='bbox 442 996 525 1049; x_wconf 90' lang='lat' dir='ltr'>muris</span> <span class='ocrx_word' id='word_1_55' title='bbox 535 996 707 1068; x_wconf 81' lang='lat' dir='ltr'>Karthaginis</span> <span class='ocrx_word' id='word_1_56' title='bbox 719 996 788 1067; x_wconf 88' lang='lat' dir='ltr'>ignis</span> <span class='ocrx_word' id='word_1_57' title='bbox 871 1068 874 1073; x_wconf 26' lang='lat'>¹</span> 
     </span>
     <span class='ocr_line' id='line_1_10' title="bbox 145 1083 774 1156; baseline 0 -18"><span class='ocrx_word' id='word_1_58' title='bbox 145 1086 290 1151; x_wconf 86' lang='lat' dir='ltr'>Subdatur,</span> <span class='ocrx_word' id='word_1_59' title='bbox 302 1085 416 1156; x_wconf 75' lang='lat' dir='ltr'>caesique</span> <span class='ocrx_word' id='word_1_60' title='bbox 426 1085 522 1138; x_wconf 85' lang='lat' dir='ltr'>cadant</span> <span class='ocrx_word' id='word_1_61' title='bbox 533 1084 665 1138; x_wconf 84' lang='lat' dir='ltr'>exercitus</span> <span class='ocrx_word' id='word_1_62' title='bbox 677 1083 774 1149; x_wconf 91' lang='lat' dir='ltr'>omnis,</span> 
     </span>
     <span class='ocr_line' id='line_1_11' title="bbox 144 1172 787 1238; baseline -0.003 -10"><span class='ocrx_word' id='word_1_63' title='bbox 144 1174 300 1228; x_wconf 89' lang='lat' dir='ltr'>Profectum</span> <span class='ocrx_word' id='word_1_64' title='bbox 311 1173 404 1228; x_wconf 80' lang='lat' dir='ltr'>Latio:</span> <span class='ocrx_word' id='word_1_65' title='bbox 425 1182 527 1237; x_wconf 85' lang='lat' dir='ltr'>contra,</span> <span class='ocrx_word' id='word_1_66' title='bbox 540 1173 562 1224; x_wconf 89' lang='lat' dir='ltr'>si</span> <span class='ocrx_word' id='word_1_67' title='bbox 573 1172 694 1226; x_wconf 90' lang='lat' dir='ltr'>concidat</span> <span class='ocrx_word' id='word_1_68' title='bbox 705 1190 787 1238; x_wconf 87' lang='lat' dir='ltr'>unus,</span> 
     </span>
    </p>

    <p class='ocr_par' dir='ltr' id='par_1_4' title="bbox 67 1261 915 1863">
     <span class='ocr_line' id='line_1_12' title="bbox 67 1261 904 1334; baseline -0.004 -17"><span class='ocrx_word' id='word_1_69' title='bbox 67 1286 70 1295; x_wconf 46' lang='lat' dir='ltr'><em>f</em></span> <span class='ocrx_word' id='word_1_70' title='bbox 142 1263 332 1334; x_wconf 90' lang='lat' dir='ltr'>Nequidquam</span> <span class='ocrx_word' id='word_1_71' title='bbox 343 1261 401 1314; x_wconf 83' lang='lat' dir='ltr'>lore</span> <span class='ocrx_word' id='word_1_72' title='bbox 412 1261 562 1332; x_wconf 85' lang='lat' dir='ltr'>Agenoreis</span> <span class='ocrx_word' id='word_1_73' title='bbox 573 1272 670 1315; x_wconf 90' lang='lat' dir='ltr'>cuncta</span> <span class='ocrx_word' id='word_1_74' title='bbox 680 1277 755 1315; x_wconf 89' lang='lat' dir='ltr'>arma</span> <span class='ocrx_word' id='word_1_75' title='bbox 766 1261 904 1334; x_wconf 68' lang='lat' dir='ltr'>virosque,</span> 
     </span>
     <span class='ocr_line' id='line_1_13' title="bbox 147 1348 848 1420; baseline -0.003 -15"><span class='ocrx_word' id='word_1_76' title='bbox 147 1351 231 1405; x_wconf 90' lang='lat' dir='ltr'>Illum</span> <span class='ocrx_word' id='word_1_77' title='bbox 242 1350 326 1420; x_wconf 91' lang='lat' dir='ltr'>igitur</span> <span class='ocrx_word' id='word_1_78' title='bbox 337 1349 453 1402; x_wconf 88' lang='lat' dir='ltr'>lustrans</span> <span class='ocrx_word' id='word_1_79' title='bbox 462 1348 617 1403; x_wconf 82' lang='lat' dir='ltr'>circumfert</span> <span class='ocrx_word' id='word_1_80' title='bbox 629 1350 731 1402; x_wconf 91' lang='lat' dir='ltr'>lumina</span> <span class='ocrx_word' id='word_1_81' title='bbox 741 1367 848 1420; x_wconf 87' lang='lat' dir='ltr'>campo,</span> 
     </span>
     <span class='ocr_line' id='line_1_14' title="bbox 150 1437 854 1507; baseline 0 -15"><span class='ocrx_word' id='word_1_82' title='bbox 150 1439 331 1507; x_wconf 88' lang='lat' dir='ltr'>Rimaturque</span> <span class='ocrx_word' id='word_1_83' title='bbox 340 1438 445 1491; x_wconf 87' lang='lat' dir='ltr'>ducem.</span> <span class='ocrx_word' id='word_1_84' title='bbox 463 1437 541 1503; x_wconf 87' lang='lat' dir='ltr'>juvat</span> <span class='ocrx_word' id='word_1_85' title='bbox 552 1438 579 1491; x_wconf 94' lang='lat' dir='ltr'>in</span> <span class='ocrx_word' id='word_1_86' title='bbox 592 1438 737 1493; x_wconf 86' lang='lat' dir='ltr'>certamina</span> <span class='ocrx_word' id='word_1_87' title='bbox 748 1455 854 1492; x_wconf 84' lang='lat' dir='ltr'>summa</span> 
     </span>
     <span class='ocr_line' id='line_1_15' title="bbox 149 1524 864 1596; baseline 0.001 -17"><span class='ocrx_word' id='word_1_88' title='bbox 149 1529 230 1579; x_wconf 82' lang='lat' dir='ltr'>Ferre</span> <span class='ocrx_word' id='word_1_89' title='bbox 242 1524 365 1596; x_wconf 87' lang='lat' dir='ltr'>gradum,</span> <span class='ocrx_word' id='word_1_90' title='bbox 378 1535 540 1595; x_wconf 90' lang='lat' dir='ltr'>cuperetque</span> <span class='ocrx_word' id='word_1_91' title='bbox 552 1525 611 1579; x_wconf 87' lang='lat' dir='ltr'>viro</span> <span class='ocrx_word' id='word_1_92' title='bbox 622 1542 792 1592; x_wconf 87' lang='lat' dir='ltr'>concurrere,</span> <span class='ocrx_word' id='word_1_93' title='bbox 804 1536 864 1580; x_wconf 81' lang='lat' dir='ltr'>tota</span> 
     </span>
     <span class='ocr_line' id='line_1_16' title="bbox 148 1613 759 1686; baseline -0.002 -19"><span class='ocrx_word' id='word_1_94' title='bbox 148 1617 288 1686; x_wconf 79' lang='lat' dir='ltr'>spectante</span> <span class='ocrx_word' id='word_1_95' title='bbox 300 1613 431 1666; x_wconf 74' lang='lat' dir='ltr'>Ausonia·</span> <span class='ocrx_word' id='word_1_96' title='bbox 450 1613 536 1668; x_wconf 90' lang='lat' dir='ltr'>celsus</span> <span class='ocrx_word' id='word_1_97' title='bbox 546 1614 663 1669; x_wconf 87' lang='lat' dir='ltr'>clamore</span> <span class='ocrx_word' id='word_1_98' title='bbox 675 1614 759 1667; x_wconf 89' lang='lat' dir='ltr'>feroci</span> 
     </span>
     <span class='ocr_line' id='line_1_17' title="bbox 149 1699 915 1773; baseline -0.003 -17"><span class='ocrx_word' id='word_1_99' title='bbox 149 1703 281 1756; x_wconf 89' lang='lat' dir='ltr'>Provocat</span> <span class='ocrx_word' id='word_1_100' title='bbox 292 1701 451 1771; x_wconf 87' lang='lat' dir='ltr'>increpitans</span> <span class='ocrx_word' id='word_1_101' title='bbox 463 1702 577 1765; x_wconf 85' lang='lat' dir='ltr'>hostem,</span> <span class='ocrx_word' id='word_1_102' title='bbox 595 1711 622 1754; x_wconf 87' lang='lat' dir='ltr'>et</span> <span class='ocrx_word' id='word_1_103' title='bbox 634 1718 705 1755; x_wconf 88' lang='lat' dir='ltr'>nova</span> <span class='ocrx_word' id='word_1_104' title='bbox 716 1702 813 1771; x_wconf 87' lang='lat' dir='ltr'>proelia</span> <span class='ocrx_word' id='word_1_105' title='bbox 824 1699 915 1773; x_wconf 89' lang='lat' dir='ltr'>poscit.</span> 
     </span>
     <span class='ocr_line' id='line_1_18' title="bbox 151 1789 833 1863; baseline 0.001 -20"><span class='ocrx_word' id='word_1_106' title='bbox 151 1795 225 1863; x_wconf 82' lang='lat' dir='ltr'>Qas</span> <span class='ocrx_word' id='word_1_107' title='bbox 238 1799 378 1860; x_wconf 87' lang='lat' dir='ltr'>postquam</span> <span class='ocrx_word' id='word_1_108' title='bbox 390 1789 492 1842; x_wconf 83' lang='lat' dir='ltr'>audivit</span> <span class='ocrx_word' id='word_1_109' title='bbox 503 1806 583 1843; x_wconf 88' lang='lat' dir='ltr'>voces</span> <span class='ocrx_word' id='word_1_110' title='bbox 594 1791 739 1843; x_wconf 89' lang='lat' dir='ltr'>conterrita</span> <span class='ocrx_word' id='word_1_111' title='bbox 750 1792 833 1858; x_wconf 88' lang='lat' dir='ltr'>Juno,</span> 
     </span>
    </p>

    <p class='ocr_par' dir='ltr' id='par_1_5' title="bbox 149 1876 877 2828">
     <span class='ocr_line' id='line_1_19' title="bbox 149 1876 833 1948; baseline -0.004 -15"><span class='ocrx_word' id='word_1_112' title='bbox 149 1882 191 1933; x_wconf 92' lang='lat' dir='ltr'>Ne</span> <span class='ocrx_word' id='word_1_113' title='bbox 203 1877 296 1948; x_wconf 89' lang='lat' dir='ltr'>Libyci</span> <span class='ocrx_word' id='word_1_114' title='bbox 307 1877 382 1930; x_wconf 88' lang='lat' dir='ltr'>ducis</span> <span class='ocrx_word' id='word_1_115' title='bbox 393 1876 539 1947; x_wconf 84' lang='lat' dir='ltr'>impavidas</span> <span class='ocrx_word' id='word_1_116' title='bbox 552 1877 687 1930; x_wconf 85' lang='lat' dir='ltr'>ferrentur</span> <span class='ocrx_word' id='word_1_117' title='bbox 697 1879 731 1930; x_wconf 91' lang='lat' dir='ltr'>ad</span> <span class='ocrx_word' id='word_1_118' title='bbox 744 1894 833 1943; x_wconf 90' lang='lat' dir='ltr'>aures,</span> 
     </span>
     <span class='ocr_line' id='line_1_20' title="bbox 149 1964 848 2037; baseline 0.001 -18"><span class='ocrx_word' id='word_1_119' title='bbox 149 1966 273 2037; x_wconf 87' lang='lat' dir='ltr'>Effigiem</span> <span class='ocrx_word' id='word_1_120' title='bbox 284 1964 411 2018; x_wconf 90' lang='lat' dir='ltr'>informat</span> <span class='ocrx_word' id='word_1_121' title='bbox 424 1964 537 2029; x_wconf 84' lang='lat' dir='ltr'>Latiam,</span> <span class='ocrx_word' id='word_1_122' title='bbox 551 1983 717 2036; x_wconf 88' lang='lat' dir='ltr'>propereque</span> <span class='ocrx_word' id='word_1_123' title='bbox 729 1967 848 2020; x_wconf 86' lang='lat' dir='ltr'>coruscis</span> 
     </span>
     <span class='ocr_line' id='line_1_21' title="bbox 152 2051 858 2125; baseline 0.001 -18"><span class='ocrx_word' id='word_1_124' title='bbox 152 2054 265 2107; x_wconf 86' lang='lat' dir='ltr'>Attollit</span> <span class='ocrx_word' id='word_1_125' title='bbox 277 2053 377 2105; x_wconf 87' lang='lat' dir='ltr'>cristis:</span> <span class='ocrx_word' id='word_1_126' title='bbox 398 2052 471 2105; x_wconf 88' lang='lat' dir='ltr'>addit</span> <span class='ocrx_word' id='word_1_127' title='bbox 482 2051 650 2122; x_wconf 84' lang='lat' dir='ltr'>clipeumque</span> <span class='ocrx_word' id='word_1_128' title='bbox 659 2055 795 2125; x_wconf 87' lang='lat' dir='ltr'>jubasque</span> <span class='ocrx_word' id='word_1_129' title='bbox 856 2105 858 2109; x_wconf 16' lang='grc' dir='ltr'><em>Α</em></span> 
     </span>
     <span class='ocr_line' id='line_1_22' title="bbox 153 2139 869 2213; baseline 0.003 -18"><span class='ocrx_word' id='word_1_130' title='bbox 153 2139 280 2195; x_wconf 87' lang='lat' dir='ltr'>Romulei</span> <span class='ocrx_word' id='word_1_131' title='bbox 293 2139 377 2203; x_wconf 91' lang='lat' dir='ltr'>ducis,</span> <span class='ocrx_word' id='word_1_132' title='bbox 391 2149 468 2208; x_wconf 89' lang='lat' dir='ltr'>atque</span> <span class='ocrx_word' id='word_1_133' title='bbox 481 2140 599 2194; x_wconf 91' lang='lat' dir='ltr'>humeris</span> <span class='ocrx_word' id='word_1_134' title='bbox 611 2141 724 2213; x_wconf 89' lang='lat' dir='ltr'>imponit</span> <span class='ocrx_word' id='word_1_135' title='bbox 737 2142 869 2197; x_wconf 90' lang='lat' dir='ltr'>honorem</span> 
     </span>
     <span class='ocr_line' id='line_1_23' title="bbox 152 2227 877 2301; baseline 0.004 -19"><span class='ocrx_word' id='word_1_136' title='bbox 152 2228 291 2298; x_wconf 87' lang='lat' dir='ltr'>Fulgentis</span> <span class='ocrx_word' id='word_1_137' title='bbox 304 2227 403 2298; x_wconf 84' lang='lat' dir='ltr'>saguli:</span> <span class='ocrx_word' id='word_1_138' title='bbox 424 2228 470 2280; x_wconf 90' lang='lat' dir='ltr'>dat</span> <span class='ocrx_word' id='word_1_139' title='bbox 482 2245 602 2298; x_wconf 89' lang='lat' dir='ltr'>gressum</span> <span class='ocrx_word' id='word_1_140' title='bbox 614 2229 773 2301; x_wconf 89' lang='lat' dir='ltr'>habitusque</span> <span class='ocrx_word' id='word_1_141' title='bbox 784 2230 877 2285; x_wconf 88' lang='lat' dir='ltr'>cientis</span> 
     </span>
     <span class='ocr_line' id='line_1_24' title="bbox 152 2311 818 2388; baseline 0.005 -19"><span class='ocrx_word' id='word_1_142' title='bbox 152 2311 261 2379; x_wconf 78' lang='lat' dir='ltr'>Proelia,</span> <span class='ocrx_word' id='word_1_143' title='bbox 273 2327 300 2367; x_wconf 89' lang='lat' dir='ltr'>et</span> <span class='ocrx_word' id='word_1_144' title='bbox 313 2315 424 2369; x_wconf 86' lang='lat' dir='ltr'>audaces</span> <span class='ocrx_word' id='word_1_145' title='bbox 435 2316 515 2369; x_wconf 89' lang='lat' dir='ltr'>adicit</span> <span class='ocrx_word' id='word_1_146' title='bbox 526 2317 582 2370; x_wconf 89' lang='lat' dir='ltr'>sine</span> <span class='ocrx_word' id='word_1_147' title='bbox 593 2335 706 2388; x_wconf 87' lang='lat' dir='ltr'>corpore</span> <span class='ocrx_word' id='word_1_148' title='bbox 718 2327 818 2372; x_wconf 86' lang='lat' dir='ltr'>motus.</span> 
     </span>
     <span class='ocr_line' id='line_1_25' title="bbox 151 2403 717 2475; baseline 0 -17"><span class='ocrx_word' id='word_1_149' title='bbox 151 2406 228 2458; x_wconf 92' lang='lat' dir='ltr'>Tum</span> <span class='ocrx_word' id='word_1_150' title='bbox 239 2421 288 2474; x_wconf 89' lang='lat' dir='ltr'>par</span> <span class='ocrx_word' id='word_1_151' title='bbox 299 2403 397 2473; x_wconf 84' lang='lat' dir='ltr'>effigies</span> <span class='ocrx_word' id='word_1_152' title='bbox 409 2403 509 2457; x_wconf 87' lang='lat' dir='ltr'>fallacis</span> <span class='ocrx_word' id='word_1_153' title='bbox 521 2403 635 2475; x_wconf 79' lang='lat' dir='ltr'>imagine</span> <span class='ocrx_word' id='word_1_154' title='bbox 647 2421 717 2458; x_wconf 88' lang='lat' dir='ltr'>vana</span> 
     </span>
     <span class='ocr_line' id='line_1_26' title="bbox 153 2491 787 2565; baseline 0.003 -19"><span class='ocrx_word' id='word_1_155' title='bbox 153 2492 312 2562; x_wconf 88' lang='lat' dir='ltr'>Cornipedis</span> <span class='ocrx_word' id='word_1_156' title='bbox 324 2491 483 2545; x_wconf 91' lang='lat' dir='ltr'>moderanda</span> <span class='ocrx_word' id='word_1_157' title='bbox 493 2493 546 2546; x_wconf 92' lang='lat' dir='ltr'>cito</span> <span class='ocrx_word' id='word_1_158' title='bbox 558 2510 606 2563; x_wconf 89' lang='lat' dir='ltr'>per</span> <span class='ocrx_word' id='word_1_159' title='bbox 617 2494 695 2547; x_wconf 88' lang='lat' dir='ltr'>devia</span> <span class='ocrx_word' id='word_1_160' title='bbox 706 2512 787 2565; x_wconf 87' lang='lat' dir='ltr'>passu</span> 
     </span>
     <span class='ocr_line' id='line_1_27' title="bbox 153 2579 842 2650; baseline 0.004 -17"><span class='ocrx_word' id='word_1_161' title='bbox 153 2579 292 2650; x_wconf 83' lang='lat' dir='ltr'>Belligerae</span> <span class='ocrx_word' id='word_1_162' title='bbox 303 2580 383 2633; x_wconf 89' lang='lat' dir='ltr'>datur</span> <span class='ocrx_word' id='word_1_163' title='bbox 392 2579 426 2631; x_wconf 91' lang='lat' dir='ltr'>ad</span> <span class='ocrx_word' id='word_1_164' title='bbox 437 2579 550 2650; x_wconf 89' lang='lat' dir='ltr'>speciem</span> <span class='ocrx_word' id='word_1_165' title='bbox 562 2580 714 2635; x_wconf 86' lang='lat' dir='ltr'>certaminis</span> <span class='ocrx_word' id='word_1_166' title='bbox 726 2583 842 2636; x_wconf 81' lang='lat' dir='ltr'>umbrae.</span> 
     </span>
     <span class='ocr_line' id='line_1_28' title="bbox 153 2668 803 2734; baseline 0.002 -13"><span class='ocrx_word' id='word_1_167' title='bbox 153 2669 195 2722; x_wconf 91' lang='lat' dir='ltr'>Sic</span> <span class='ocrx_word' id='word_1_168' title='bbox 203 2668 280 2721; x_wconf 91' lang='lat' dir='ltr'>Poeni</span> <span class='ocrx_word' id='word_1_169' title='bbox 291 2668 365 2721; x_wconf 88' lang='lat' dir='ltr'>ducis</span> <span class='ocrx_word' id='word_1_170' title='bbox 377 2678 438 2721; x_wconf 90' lang='lat' dir='ltr'>ante</span> <span class='ocrx_word' id='word_1_171' title='bbox 450 2669 541 2722; x_wconf 92' lang='lat' dir='ltr'>oculos</span> <span class='ocrx_word' id='word_1_172' title='bbox 553 2669 679 2734; x_wconf 84' lang='lat' dir='ltr'>exsultat,</span> <span class='ocrx_word' id='word_1_173' title='bbox 692 2679 719 2722; x_wconf 92' lang='lat' dir='ltr'>et</span> <span class='ocrx_word' id='word_1_174' title='bbox 729 2670 803 2724; x_wconf 90' lang='lat' dir='ltr'>ultro</span> 
     </span>
     <span class='ocr_line' id='line_1_29' title="bbox 152 2755 708 2828; baseline -0.004 -18"><span class='ocrx_word' id='word_1_175' title='bbox 152 2755 240 2828; x_wconf 86' lang='lat' dir='ltr'>Scipio</span> <span class='ocrx_word' id='word_1_176' title='bbox 252 2757 351 2823; x_wconf 90' lang='lat' dir='ltr'>Junoni</span> <span class='ocrx_word' id='word_1_177' title='bbox 363 2755 502 2816; x_wconf 84' lang='lat' dir='ltr'>simulatus</span> <span class='ocrx_word' id='word_1_178' title='bbox 513 2755 566 2810; x_wconf 89' lang='lat' dir='ltr'>tela</span> <span class='ocrx_word' id='word_1_179' title='bbox 578 2765 708 2810; x_wconf 88' lang='lat' dir='ltr'>coruscat.</span> 
     </span>
    </p>

    <p class='ocr_par' dir='ltr' id='par_1_6' title="bbox 153 2842 732 2908">
     <span class='ocr_line' id='line_1_30' title="bbox 153 2842 732 2908; baseline 0 -11"><span class='ocrx_word' id='word_1_180' title='bbox 153 2846 206 2908; x_wconf 91' lang='lat' dir='ltr'>At,</span> <span class='ocrx_word' id='word_1_181' title='bbox 217 2842 275 2896; x_wconf 90' lang='lat' dir='ltr'>viso</span> <span class='ocrx_word' id='word_1_182' title='bbox 286 2843 364 2896; x_wconf 87' lang='lat' dir='ltr'>laetus</span> <span class='ocrx_word' id='word_1_183' title='bbox 376 2854 480 2898; x_wconf 89' lang='lat' dir='ltr'>rectore</span> <span class='ocrx_word' id='word_1_184' title='bbox 492 2854 553 2897; x_wconf 92' lang='lat' dir='ltr'>ante</span> <span class='ocrx_word' id='word_1_185' title='bbox 565 2860 613 2896; x_wconf 85' lang='lat' dir='ltr'>ora</span> <span class='ocrx_word' id='word_1_186' title='bbox 626 2844 732 2908; x_wconf 88' lang='lat' dir='ltr'>Latino,</span> 
     </span>
    </p>

    <p class='ocr_par' dir='ltr' id='par_1_7' title="bbox 152 2931 799 3002">
     <span class='ocr_line' id='line_1_31' title="bbox 152 2931 799 3002; baseline 0.005 -19"><span class='ocrx_word' id='word_1_187' title='bbox 152 2931 189 2983; x_wconf 88' lang='lat' dir='ltr'>Et</span> <span class='ocrx_word' id='word_1_188' title='bbox 201 2931 308 2983; x_wconf 87' lang='lat' dir='ltr'>tandem</span> <span class='ocrx_word' id='word_1_189' title='bbox 318 2931 428 3002; x_wconf 89' lang='lat' dir='ltr'>propius</span> <span class='ocrx_word' id='word_1_190' title='bbox 441 2947 549 3002; x_wconf 89' lang='lat' dir='ltr'>sperans</span> <span class='ocrx_word' id='word_1_191' title='bbox 560 2932 685 3001; x_wconf 89' lang='lat' dir='ltr'>ingentia,</span> <span class='ocrx_word' id='word_1_192' title='bbox 700 2931 799 2986; x_wconf 86' lang='lat' dir='ltr'>Poenus</span> 
     </span>
    </p>
   </div>
   <div class='ocr_carea' id='block_1_3' title="bbox 58 3018 786 3248">
    <p class='ocr_par' dir='ltr' id='par_1_8' title="bbox 58 3018 786 3248">
     <span class='ocr_line' id='line_1_32' title="bbox 58 3018 786 3248; baseline 0.004 -176"><span class='ocrx_word' id='word_1_193' title='bbox 58 3040 113 3248; x_wconf 43' lang='lat'>³</span> <span class='ocrx_word' id='word_1_194' title='bbox 155 3018 329 3096; x_wconf 77' lang='lat' dir='ltr'>Qadrupedi</span> <span class='ocrx_word' id='word_1_195' title='bbox 341 3021 409 3075; x_wconf 88' lang='lat' dir='ltr'>citus</span> <span class='ocrx_word' id='word_1_196' title='bbox 420 3021 533 3092; x_wconf 88' lang='lat' dir='ltr'>imponit</span> <span class='ocrx_word' id='word_1_197' title='bbox 543 3019 644 3075; x_wconf 89' lang='lat' dir='ltr'>velocia</span> <span class='ocrx_word' id='word_1_198' title='bbox 656 3020 786 3088; x_wconf 83' lang='lat' dir='ltr'>membra,</span> 
     </span>
    </p>
   </div>
   <div class='ocr_carea' id='block_1_4' title="bbox 0 0 1016 3450">
    <p class='ocr_par' dir='ltr' id='par_1_9' title="bbox 0 0 1016 3450">
     <span class='ocr_line' id='line_1_33' title="bbox 0 0 1016 3450; baseline 0 0"><span class='ocrx_word' id='word_1_199' title='bbox 0 0 1016 3450; x_wconf 95' lang='lat' dir='ltr'> </span> 
     </span>
    </p>
   </div>
  </div>
 </body>
</html>
