2010 3450
298 275 403 323 -ttm
422 277 486 321 xtt':
516 284 544 321 v.
559 277 707 336 715444.
868 273 908 339 ‘77

100 385 232 442 Exsertos
243 379 433 458 aiidepugnae
446 380 545 440 nudata
556 382 685 442 lacertos?

99 477 180 531 Parte
192 476 257 543 alia,
270 475 361 541 cerne,
374 486 406 530 ut
419 476 496 530 savis
509 477 648 531 Gradivus
659 477 687 530 in
699 475 781 531 armis

99 567 227 640 lmpldrit
240 567 345 622 dictum
357 567 466 640 proprio
477 568 512 620 de
523 567 631 621 nomine
640 584 777 639 campum.

99 657 366 724 HincJanua-movet
378 672 452 710 arma
464 672 555 720 manu,
569 663 660 709 movet
671 655 732 709 inde
746 655 887 730 Qin'nus,

91 745 227 818 -Qisque
239 755 289 799 suo
300 745 334 797 de
344 742 414 798 colle
427 745 511 799 Deus.
532 743 584 796 Sed
596 744 667 798 enirn
678 745 774 816 aspice,
783 754 899 816 quantus

99 832 204 904 AEgida
211 842 380 887 commoveat
392 831 498 884 nimbos
509 830 680 900 flammasque
691 843 846 887 vomentem

98 919 217 989 Iupiter,
231 927 259 970 et
270 917 375 986 quantis
386 927 476 989 pascat
488 915 562 970 ferus
572 917 680 988 ignibus
690 919 753 972 iras.

62 1038 71 1050 ·
99 1009 163 1062 Huc
173 1001 268 1060 vultus
276 1005 364 1071 ilecte,
377 1016 458 1076 atque
467 1005 536 1058 aude
548 1015 667 1076 spectare
677 1007 841 1074 Tonantem,

101 1099 182 1170 Qas.
192 1092 304 1159 hiemes,
314 1103 427 1161 quantos
436 1109 566 1147 concusso
574 1092 675 1147 vertice
686 1093 772 1148 cernis

101 1183 158 1236 Sub
170 1193 241 1237 nutu
251 1183 382 1236 tonitrusl
404 1180 489 1235 oculis
501 1181 548 1251 qui
559 1181 678 1253 fulgurat
689 1181 774 1253 ignis!

101 1271 176 1326 Cede
185 1270 251 1325 Deis
262 1270 381 1334 tandem,
395 1279 422 1323 et
434 1269 544 1323 Titania
555 1269 645 1323 desine
655 1269 736 1323 bella.

102 1360 144 1414 Sic
155 1361 235 1414 effata
246 1359 346 1422 virum,
359 1357 502 1412 indocilem
512 1357 634 1428 pacisque
646 1358 782 1429 modique,

102 1447 253 1507 Mirantem
266 1445 401 1517 Superssm
413 1445 507 1499 vultus
518 1456 545 1498 et
558 1445 681 1499 flammea
692 1445 824 1511 membra,

102 1534 258 1600 Abstrahit,
271 1549 302 1586 ac
314 1549 407 1603 pacem
418 1533 498 1585 terris
508 1533 632 1604 coeloque
644 1534 759 1603 reponit.

100 1621 266 1693 Respectans
277 1621 344 1685 abit,
356 1631 383 1674 et
393 1621 486 1675 castris
497 1621 588 1675 avulsa
601 1623 704 1674 moveri

102 1709 182 1781 Signa
190 1709 387 1776 Juberductor,
398 1719 634 1779 remeaturumque
647 1710 775 1763 minatur.

99 1799 239 1853 Redditur
250 1797 387 1869 extemplo
401 1797 558 1870 flagrantior
570 1799 669 1852 aethere
682 1798 793 1868 lampas,

100 1887 137 1940 Et
149 1884 267 1940 tremula
278 1884 367 1939 infuso
380 1886 551 1957 resplendent
562 1886 663 1940 caerula
676 1886 790 1940 Phoebo.

100 1977 142 2030 At
153 1973 250 2047 procul
263 1990 277 2028 e
290 1973 375 2027 muris
383 1974 476 2028 videre
488 1985 519 2028 ut
531 1973 606 2045 signa
618 1973 712 2027 revelli

100 2063 244 2128 AEneadae,
254 2078 416 2130 versumque
429 2061 540 2128 ducem;
555 2062 635 2116 tacita
647 2078 694 2115 ora
705 2060 824 2116 vicissim

100 2150 255 2215 Ostentant,
267 2161 388 2221 nutuque
400 2151 508 2216 docent,
522 2150 594 2219 quod
604 2151 713 2204 credere
725 2167 822 2220 magno

98 2239 162 2292 Non
174 2239 276 2292 audent
287 2238 406 2292 haerente
419 2249 508 2304 metu;
523 2254 572 2291 nec
584 2238 658 2291 abire
668 2236 792 2302 volentis,

100 2325 152 2378 Sed
164 2323 290 2379 fraudem
300 2324 462 2396 insidiasque
472 2334 576 2396 putant,
589 2335 616 2378 et
629 2325 731 2379 Punica
740 2324 838 2383 corda:

100 2414 144 2466 Ac
156 2411 245 2466 tacitae
254 2412 322 2466 natis
330 2411 444 2484 infigunt
456 2412 548 2466 oscula
559 2422 666 2479 matres,

102 2500 196 2556 Donec
208 2499 357 2572 procedens
366 2502 451 2556 oculis
463 2519 519 2556 sese
531 2502 641 2555 abstulit
652 2520 758 2572 agmen,

101 2589 300 2658 Suspectosque
311 2589 388 2642 dolos
399 2590 491 2643 demto
504 2599 607 2642 terrore
619 2589 738 2642 resolvit.

100 2678 176 2730 Tum
187 2694 254 2731 vero
266 2677 365 2748 passim
377 2695 450 2730 sacra
460 2678 488 2730 in
501 2677 632 2745 Capitolia
643 2687 770 2748 pergunt,

102 2767 187 2834 Inque
199 2767 289 2819 vicem
302 2765 418 2837 amplexi
431 2765 565 2837 permixta
576 2783 642 2818 voce
654 2767 822 2836 triumphum

101 2853 213 2924 Tarpeji
224 2852 343 2908 clamant
354 2855 440 2921 Jovis,
452 2873 483 2910 ac
495 2854 609 2907 delubra
620 2866 758 2908 coronant.

101 2941 213 3014 Jamque
225 2958 320 2998 omnes
331 2943 452 3016 pandunt
464 2952 570 3015 portas3
585 2942 639 2995 ruit
651 2943 768 3012 undique
776 2941 879 3008 latum,
