2010 3450
315 270 408 313 ttm
425 271 496 312 xm.
532 272 561 312 v.
574 273 722 328 415-443.
870 274 904 329 ,ς

96 380 161 435 Duc
172 374 304 451 praedicta
312 374 395 430 sacris
404 375 474 429 duro
485 375 633 447 placamina
645 375 714 429 Diti.

96 466 187 521 Mella
198 464 280 520 simul
291 472 383 518 tectam
394 473 422 515 et
429 463 493 533 puri
504 462 546 517 fer
557 464 629 517 dona
640 463 724 534 Lyaei.

97 558 158 613 Hoc
170 554 260 609 alacer
270 552 387 617 monitu,
400 562 426 605 et
437 552 576 623 promissae
586 555 696 606 nomine
707 553 788 620 vatis,

97 646 225 716 Apparat
235 639 344 696 occulto
355 650 504 694 monstrata
514 640 620 712 piacula
629 650 730 710 coepto.

97 733 177 800 lude,
189 732 239 786 ubi
249 748 305 785 nox
313 731 416 798 ituram
427 731 574 802 procedens
584 732 696 803 contigit
706 734 812 799 horam,

98 824 136 876 Et
148 822 233 895 spatia
245 818 389 893 requirunt
400 822 524 875 tenebras
536 830 668 875 transacta
680 821 795 888 futuras,

100 909 249 983 Consurgit
259 908 360 974 stratis,
372 909 513 981 pergitque
524 908 559 962 ad
570 909 680 963 turbida
691 920 778 981 portae

100 1000 177 1055 Ostia
186 1000 345 1053 Tartareaes
365 999 471 1069 penitus
483 997 544 1066 quie
554 997 645 1051 abdita
655 1009 731 1052 vates

101 1087 237 1143 Promissa
247 1084 384 1158 implerat,
397 1086 542 1158 Stygioque
555 1086 662 1139 sedebat
673 1087 701 1140 in
712 1098 801 1142 antro.

100 1176 187 1240 Turn,
200 1192 256 1245 qua
267 1190 295 1227 te
305 1173 425 1246 primum
440 1184 521 1246 rupta
530 1172 627 1227 tellure
640 1175 755 1230 recludit

101 1263 208 1317 Invisus
219 1261 292 1317 eoelo
303 1277 408 1333 specus,
422 1271 504 1333 atque
514 1272 620 1317 eructet
631 1265 756 1318 acerbam

102 1349 199 1421 Cocyti
210 1349 274 1404 laxo
285 1349 421 1420 suspirans
433 1367 479 1403 ore
490 1349 626 1421 paludem,

102 1436 211 1492 inducit
220 1436 362 1502 juvenem,
376 1436 500 1505 ferroque
509 1454 606 1491 cavare
618 1439 745 1493 refossam

102 1522 185 1578 Ocius
195 1533 278 1595 urget
287 1522 414 1588 humum,
427 1533 482 1593 atq;
496 1541 624 1578 arcanum
635 1543 761 1580 murmur
770 1527 907 1599 anhelans,

102 1611 206 1667 Ordine
218 1612 330 1666 mactari
342 1613 457 1683 pecudes
467 1612 555 1678 jubet.
574 1623 633 1668 ater
643 1624 738 1685 operto

103 1701 178 1754 Ante
190 1716 285 1755 omnes
296 1711 391 1755 taurus
402 1701 482 1772 Regi,
495 1711 555 1754 turn
566 1702 690 1772 proxima
701 1702 783 1758 Divae

103 1789 227 1844 Caeditur
238 1788 350 1842 Ennaeae
360 1799 433 1843 casta
441 1789 547 1844 cervice
554 1791 680 1856 juvenca.

102 1879 171 1934 lnde
181 1877 243 1944 tibi,
257 1877 366 1943 Alecto,
380 1878 438 1942 tibi,
452 1894 591 1948 nunquam
601 1878 663 1932 laeta
674 1880 805 1951 Megaera,

103 1965 230 2039 Corpora
237 1965 390 2037 lanigerdm
401 1967 581 2037 procumbunt
592 1966 661 2020 lecta
670 1965 822 2022 bidentum.

104 2056 236 2110 Fundunt
245 2053 326 2109 mella
337 2070 418 2126 super
425 2055 575 2124 Bacchique
587 2067 614 2110 et
625 2056 700 2110 laetis
712 2057 853 2112 bonorem.

105 2147 160 2210 Sta,
171 2143 297 2212 iuvenies
314 2142 472 2216 faciemque,
485 2144 576 2198 Erebo
588 2164 648 2214 quae
658 2145 743 2218 surgit
755 2147 790 2201 ab
802 2145 887 2212 omni,

105 2233 248 2289 Exclamat
260 2243 346 2299 vates,
359 2244 461 2304 patere.
478 2234 630 2288 accedentia
639 2251 720 2288 cerno

104 2325 234 2390 Tartara,
247 2334 275 2377 et
286 2333 349 2378 ante
360 2322 454 2377 oculos
463 2322 584 2376 assistere
596 2322 674 2376 tertia
684 2340 776 2394 regna.

106 2411 177 2467 Ecce
186 2421 272 2467 ruunt
282 2411 367 2465 variae
377 2411 486 2480 species,
498 2422 526 2464 et
537 2410 665 2482 quidquid
677 2411 712 2464 ab
723 2413 779 2465 imo

106 2500 210 2555 Natum
219 2499 362 2553 hominum
373 2499 588 2568 exstinctumque
596 2499 664 2553 chao
675 2509 725 2553 est.
743 2502 805 2569 Jam
815 2510 912 2556 cuneta

210 2587 333 2653 videbar,

109 2674 253 2747 Cyclopas,
267 2675 446 2746 Scyllamque,
457 2687 485 2731 et
497 2687 585 2748 pastos
596 2678 716 2731 membra
726 2676 849 2733 virorum

109 2763 232 2834 Odrysiae
243 2762 347 2818 telluris
358 2780 452 2836 equos.
474 2765 615 2820 Contende
626 2765 705 2832 tueri,

111 2848 300 2921 Eductumque
312 2860 372 2906 tene
382 2853 479 2924 vagina
489 2851 627 2906 interritus
639 2869 738 2908 ensem.

113 2938 290 3017 Qaecunque
300 2949 362 2995 autc
374 2942 470 2999 asima
480 2942 590 2998 tendent
599 2952 693 3014 potare
704 2960 838 3014 eruorem,
