2010 3450
132 258 182 314 26'2
476 260 584 314 nomn.

34 430 37 437 .
134 380 230 452 Pomp.
269 378 339 433 Dein
356 379 474 433 calcantes
491 378 543 432 fuit
561 377 674 432 calcastis
683 375 812 444 librariis,
825 387 858 432 ttt
870 386 942 452 tttpe

131 469 247 522 alternat
268 468 437 539 participium
461 483 579 538 praesens
600 482 664 521 cum
687 465 770 520 variis
792 466 941 522 verborum

133 558 253 628 personis
265 569 312 611 aut
328 556 481 610 nominibus
493 556 520 608 in
532 553 651 626 ecliptis:
672 555 710 608 'sic
723 568 813 626 supra,
833 570 863 610 v.
876 572 936 623 3⁰7·

133 647 267 708 comitante,
277 646 460 697 comitare-I.
478 660 537 706 ¹04·
548 644 694 713 permulcens
706 653 746 694 est
751 645 900 714 pemulcetie
911 643 940 696 in

134 732 204 785 eod.
215 732 344 784 Put.—v.
354 748 417 797 425.
427 733 538 804 geminat
550 730 652 784 factum
660 731 790 803 geminum,
796 734 941 804 genuinam:

134 841 168 878 ne
177 822 227 876 alia
239 830 363 874 sexcenta
375 839 435 890 quae
446 821 536 874 notavi
545 818 664 873 afferam.
692 821 790 874 Sensus
798 820 940 892 estigitur,

135 915 144 953 ⁴
157 919 254 963 turma
267 927 333 979 quas
345 895 400 961 vidi
410 908 523 961 volitare
536 924 584 978 per
596 922 713 961 summas
725 908 823 979 Alpea
835 909 939 963 calcan-

134 1006 174 1050 tes
190 998 256 1068 juga
277 997 406 1050 certantia
426 994 520 1050 coelo!
558 995 620 1047 Sine
643 995 696 1048 fide
715 1005 841 1049 veterum
861 997 941 1050 habet

136 1085 222 1137 Drak.
582 1084 585 1096 '

203 1173 259 1226 Cum
270 1174 336 1226 stetis
344 1183 420 1242 prope
430 1192 473 1226 me.
493 1173 555 1237 vidi,
567 1174 687 1225 certantia
698 1175 755 1226 coelo
879 1213 883 1222 .

204 1262 264 1332 Cam,
267 1262 330 1334 juga
339 1262 459 1325 calcastis,
469 1279 570 1313 summas
579 1261 684 1314 volitare
687 1271 735 1330 per
742 1262 826 1332 Alpes.
839 1260 930 1331 (les.)

171 1369 231 1418 327.
250 1351 297 1403 lae
309 1350 402 1404 Heins.
417 1358 443 1401 et
456 1348 653 1419 Les.-Scripti
666 1367 704 1403 ac.

171 1459 231 1507 352.
251 1440 361 1492 tolerdsti
378 1439 484 1491 exercita
507 1438 591 1510 gente]
620 1439 661 1493 sic
689 1439 784 1494 Heins.
812 1442 943 1510 probante

137 1530 223 1583 Drak.
252 1532 285 1582 In
299 1528 368 1581 cod.
381 1527 443 1578 Put.
457 1529 543 1580 tuleris
554 1539 580 1579 tu
591 1529 706 1581 exercita.
738 1532 771 1582 ln
785 1529 820 1582 C.
832 1531 887 1582 Ox.
902 1542 941 1583 tu-

135 1619 189 1671 listi
210 1619 325 1671 exercita.
362 1619 395 1668 In
421 1617 455 1669 C.
482 1615 555 1669 Tell.
583 1618 664 1670 tulisti
685 1620 774 1671 excita.
809 1617 846 1671 ln
871 1620 941 1672 Edd.

136 1707 227 1760 Andr.
236 1707 324 1760 Parm.
336 1708 390 1775 ipsa
399 1707 479 1758 tulisti
484 1706 671 1757 exercita—In
681 1706 732 1759 Ed.
744 1707 840 1777 Pomp.
849 1707 944 1761 vitiose

205 1797 282 1865 Quam
289 1805 337 1864 pro
348 1806 370 1847 te
382 1795 484 1847 Cadmea
496 1803 522 1847 tu
532 1795 636 1847 exercita
645 1808 717 1866 gente
727 1798 815 1850 tulisti.

138 1881 208 1934 Hinc
220 1883 292 1934 forte
304 1882 414 1933 Marsus
426 1890 453 1932 et
461 1881 575 1932 Benessa
587 1896 666 1932 suum
678 1891 785 1934 textum
793 1882 944 1936 habuerunt

137 1970 256 2024 tollendo
266 1981 297 2023 te.
328 1970 401 2043 Qia
417 1986 482 2021 vero
493 1970 521 2021 in
531 1970 635 2040 scriptis
645 1970 707 2023 finis
718 1987 813 2025 versus
825 1983 865 2025 est
877 1991 943 2026 exer·

137 2060 187 2111 cita
203 2069 283 2131 gente,
304 2075 399 2125 sequor
418 2057 569 2110 Heinsium.
607 2058 695 2111 Locus
713 2058 756 2112 hic
776 2059 810 2111 ad
828 2070 944 2112 mentem

138 2146 243 2218 Virgilii
254 2162 394 2216 expressus
406 2145 468 2209 fuit,
477 2146 544 2197 v11.
556 2164 617 2216 309.
630 2146 753 2217 (Lefeb.)
773 2147 851 2199 Tum
858 2163 942 2217 punc·

136 2246 196 2290 tum
207 2235 293 2289 insere
305 2237 365 2304 post
375 2235 455 2305 geute.
581 2247 586 2255 ·

172 2326 233 2387 3⁶0.
246 2321 371 2392 bellumne]
384 2320 426 2374 sic
436 2319 506 2372 eod.
519 2320 574 2374 Ox.
582 2330 608 2372 et
618 2320 796 2392 alii.—Vulg.
808 2321 942 2393 bellumque.

174 2415 234 2477 362.
256 2412 339 2464 Muta
354 2409 496 2479 periodum
509 2419 569 2479 post
579 2428 647 2463 amor
658 2410 685 2461 in
698 2426 813 2463 comma.
1000 2416 1001 2422 ’

172 2517 234 2563 400.
248 2499 413 2570 virorumque]
436 2498 478 2552 Sic
490 2499 545 2552 duo
557 2499 659 2570 scripti,
674 2499 727 2552 Ed.
743 2501 834 2555 Andr.
850 2503 941 2573 Pomp.

140 2596 167 2639 et
180 2586 281 2656 plures.
305 2585 373 2638 Aliis
383 2585 516 2657 nimieque,

173 2693 234 2742 413.
253 2676 347 2746 invisa]
367 2675 409 2727 Sic
418 2690 511 2728 omnes
522 2676 795 2747 antiqui-Admisit
809 2679 897 2732 Drak.
907 2679 943 2730 in·

33 2775 36 2781 ·
137 2765 191 2816 vita
202 2765 236 2816 ab
248 2764 366 2829 Heinsio,
381 2762 435 2816 sine
446 2764 508 2817 fide.
538 2765 621 2819 Invisa
631 2775 722 2819 autem
736 2766 808 2832 Diis,
823 2767 945 2836 quintam

138 2868 208 2920 saepe
226 2850 375 2922 foedifraga.
394 2862 425 2904 ut
444 2869 473 2904 v.
495 2869 556 2919 350.
578 2855 659 2908 inve'sa
677 2871 786 2925 qnoque
805 2856 943 2910 Romanis.

138 2942 196 3005 Nec
204 2939 282 2994 video
290 2956 373 3009 quare
381 2940 459 2995 lectio
469 2952 594 2998 constans
602 2954 629 2998 et
638 2944 711 2998 bona
721 2953 885 3001 mutaretur.
905 2945 944 2997 Sic
