2010 3450
98 244 146 296 216
287 249 472 293 urnaaxvn.
508 250 540 290 v.
554 232 703 302 631-655.

101 359 227 423 Lumina,
240 367 267 412 et
281 367 382 412 auratae
394 356 536 411 servabant
548 354 617 409 colla
628 363 738 408 catenae.

100 446 154 502 Hic
165 449 289 513 Hannon,
302 445 418 514 clarique
429 461 513 516 genus
526 442 795 508 Pboenissajuvenm,

102 536 139 589 Et
151 533 291 590 Macetdm
304 532 393 604 primi,
406 544 488 603 atque
498 531 595 586 incocti
606 543 720 600 corpora
730 528 836 593 Mauri,

102 625 178 677 Tum
189 623 333 697 Nomades,
348 632 480 691 notusque
491 636 575 685 sacro,
589 636 652 673 curn
663 618 759 671 lustrat
770 631 872 680 arenas,

38 712 41 720 '
104 710 248 765 Hammoni
259 712 399 774 Garamas,
411 719 555 779 etsemper
566 706 695 777 naufraga
706 704 801 777 Syrtis.

103 800 174 852 Mox
186 799 269 852 victas
280 798 391 852 tendens
403 796 542 866 Karthago
554 795 588 848 ad
596 795 682 848 sidera
693 793 795 866 palmas

104 885 175 949 Ibat,
188 894 215 938 et
226 884 325 955 effigies
337 902 392 938 orae
400 885 458 950 jam
467 882 534 937 lenis
545 884 642 946 Iberae,

103 971 254 1025 Terrarum
264 971 325 1025 finis
334 971 434 1034 Gades,
447 987 477 1024 ac
488 969 612 1024 laudibus
622 969 689 1023 olim

103 1059 249 1112 Terminus
260 1058 399 1113 Herculeis
410 1057 502 1129 Calpe,
517 1058 649 1130 Baetisque
660 1059 753 1112 lavare

105 1146 174 1200 Solis
184 1163 266 1216 equos
277 1146 350 1202 dulci
358 1156 501 1201 consuetus
509 1146 627 1200 fluminis
639 1147 721 1200 unda.

106 1231 323 1302 Frondosumque
335 1233 438 1305 apicem
449 1233 573 1305 subigens
584 1235 618 1288 ad
629 1234 716 1288 sidera
727 1242 814 1288 mater

107 1318 246 1373 Bellorum
257 1319 314 1385 fera
325 1320 437 1390 Pyrene,
450 1338 498 1375 nec
510 1321 581 1374 mitis
592 1321 697 1387 Iberus,

108 1404 181 1460 Cum
191 1406 269 1460 simul
283 1405 362 1460 illidit
374 1417 467 1476 ponto,
481 1425 549 1479 quos
560 1408 660 1474 attulit,
673 1426 775 1462 amnes.

107 1493 159 1546 Sed
172 1494 290 1548 nonulla
301 1495 384 1567 magis
396 1505 548 1564 mentesque
560 1496 703 1564 oculosque
712 1494 831 1561 tenebat,

108 1584 200 1660 Qam
211 1581 268 1635 visa
279 1583 435 1637 Hannibalis
445 1584 544 1655 campis
555 1583 682 1655 fugientis
692 1584 792 1655 imago.

107 1670 178 1742 Ipse,
192 1670 297 1723 adstans
307 1687 400 1736 curru,
413 1681 493 1740 atque
505 1689 571 1725 auro
583 1672 723 1726 decoratus
734 1683 761 1724 et
772 1681 853 1735 ostro,

106 1755 208 1810 Martia
219 1756 355 1824 praebebat
367 1759 509 1826 spectanda
521 1759 673 1832 Qiritibus
684 1775 742 1813 ora.

109 1843 203 1920 Qalis
213 1843 329 1898 odoratis
341 1844 499 1899 descendens
512 1845 593 1898 Liber
603 1846 637 1898 ab
650 1844 725 1898 Indis

107 1930 172 2003 Egit
182 1932 336 2002 pampineos
347 1932 451 1987 frenata
461 1933 556 2004 tigride
567 1949 672 1986 currus.

109 2022 168 2073 Aut
179 2037 241 2073 cum
253 2019 406 2092 Phlegraeis,
418 2020 539 2076 confecta
549 2022 620 2076 mole
632 2021 792 2092 Gigantum,

109 2108 221 2163 Incessit
232 2109 331 2180 campis
342 2119 453 2181 tangens
464 2110 624 2180 Tirynthius
635 2119 716 2164 astra.
752 2162 755 2167 .

110 2195 198 2263 Salve,
211 2189 309 2250 invicte
320 2213 425 2265 parens,
438 2215 492 2251 nou
503 2214 661 2265 concessure
672 2197 788 2270 Qirino

110 2284 255 2349 Laudibus,
268 2301 299 2339 ac
310 2284 411 2339 meritis
424 2301 476 2338 non
487 2301 642 2339 concessure
655 2284 782 2338 Camillo.

107 2372 164 2425 Nec
175 2388 250 2437 vero,
263 2390 324 2426 curn
336 2383 362 2425 te
375 2383 503 2426 memorat
515 2373 549 2426 de
560 2373 640 2444 stirpe
653 2375 784 2437 Deorum,

110 2459 217 2515 Prolem
229 2461 341 2533 Tarpeji
351 2460 480 2516 mentitur
490 2461 579 2516 Roma
590 2460 732 2516 Tonantis.
