2010 3450
96 275 148 323 t'ot
294 270 391 320 tissa
411 278 480 320 xru.
517 280 546 318 v.
561 271 710 334 teu-833·-

98 377 239 445 ,Victuram
252 383 314 438 hinc
325 383 412 438 cernit
424 383 514 436 Ledaei
529 384 649 437 Castoris
660 385 804 440 umbram:
831 390 834 395 ’

98 473 244 528 Alternam
255 472 342 527 lucem
354 473 498 543 peragebat
511 473 538 525 in
552 473 650 526 aethere
664 471 774 527 Pollux.
806 523 809 529 .

99 562 152 615 Sed
164 561 252 614 subito
263 560 356 614 vultus
369 570 515 613 monstrata
527 559 638 613 Lavinia
651 561 744 615 traxit.

98 651 169 704 Nam
179 649 257 718 virgo
269 647 419 713 admonuit,
431 657 538 718 tempus
548 663 709 718 cognoscere
720 665 814 703 manes

98 736 246 801 Femineos,
260 752 293 788 ne
304 721 474 789 cunctantem
487 735 534 788 lux
547 735 618 788 alma
629 745 749 790 vocaret.

98 825 173 877 Felix
186 825 253 889 liaec,
266 823 362 891 inquit,
375 822 487 876 Veneris
500 841 585 877 nurus
597 823 691 878 ordine
703 824 788 897 longo

97 913 269 982 Trojugenas
277 911 369 978 junxit
381 911 480 966 sociata
493 912 569 981 prole
581 912 691 966 Latinis.

97 1000 145 1052 Vis
157 1009 183 1052 et
195 999 357 1070 Martigena
368 1000 500 1053 thalamos
512 1011 630 1069 spectare
643 1001 769 1076 Qirini?

97 1087 240 1142 Hersiliam
251 1105 347 1142 cerne:
367 1087 484 1142 hirsutos
495 1107 558 1143 curn
572 1100 708 1159 sperneret
719 1089 788 1144 olim

97 1176 173 1229 Gens
184 1175 272 1228 vicina
283 1191 388 1246 procos,
402 1175 501 1246 pastori
514 1185 590 1247 rapta
602 1176 699 1229 marito
716 1167 720 1175 ⁵

96 1264 265 1333 intralvitque
276 1282 353 1329 casae,
366 1264 501 1335 culmique
513 1281 528 1316 e
541 1265 666 1318 stramine
680 1264 784 1319 fultum

97 1353 194 1411 Pressit
206 1352 268 1406 laeta
278 1363 378 1418 torum,
391 1363 419 1406 et
432 1368 535 1406 soceros
547 1352 685 1406 revocavit
697 1353 732 1406 ab
744 1355 838 1410 armis.

96 1431 196 1510 Aspice
209 1439 359 1493 Carmentis
370 1455 486 1510 gressus.
507 1439 644 1492 Evandria
656 1450 742 1493 mater

97 1531 163 1582 Haec
176 1527 237 1592 suit,
251 1538 278 1580 et
290 1536 394 1580 vestros
406 1526 493 1597 tetigit
504 1544 623 1598 praesaga
634 1527 749 1582 labores.

96 1617 144 1669 Vis
152 1627 188 1681 et,
198 1633 265 1686 quos
274 1615 409 1682 Tanaquil
421 1615 514 1668 vultus
526 1622 616 1685 gerat?
631 1616 689 1668 haec
702 1634 785 1688 quoq;
798 1627 878 1672 castae

96 1705 222 1775 Augurio
234 1703 319 1757 valuit
332 1703 438 1767 mentis,
452 1715 618 1773 venturaque
630 1705 699 1758 dixit

96 1793 191 1863 Regna
202 1794 271 1857 viro,
284 1803 311 1844 et
323 1792 433 1845 dextros
444 1793 553 1864 agnovit
567 1793 593 1845 in
606 1793 668 1847 alite
682 1795 779 1850 Divos.

95 1879 165 1935 Ecce
176 1879 310 1950 pirdicitiae
324 1879 431 1935 Latium
442 1881 532 1945 decus,
546 1879 638 1933 inclita
650 1881 696 1935 leti

95 1971 158 2021 Fert
171 1967 287 2021 frontem
299 1978 378 2037 atque
389 1967 482 2022 oculos
494 1979 572 2022 terrae
586 1970 711 2023 Lucretia
721 1971 801 2025 fixos.

94 2058 156 2110 Non
162 2057 251 2120 datur,
259 2055 323 2109 heu!
336 2056 394 2121 tibi,
403 2056 503 2122 Roma,
510 2074 558 2110 nec
564 2067 613 2122 est,
620 2059 694 2129 quod
703 2059 901 2128 malledeceret,

96 2147 173 2198 Hanc
185 2144 294 2198 laudern
306 2145 420 2198 retinere
431 2146 488 2198 diu.
508 2146 630 2216 Virginia
638 2148 728 2213 juxta,

94 2233 192 2296 Cerne,
206 2243 344 2286 cruentato
355 2231 455 2285 vulnus
468 2233 517 2285 sub
529 2243 639 2304 pectore
652 2242 754 2300 servat,

93 2319 196 2372 Tristia
206 2318 308 2372 defensi
321 2318 394 2372 ferro
406 2330 581 2374 monumenta
593 2320 713 2391 pudoris,

93 2406 129 2460 Et
141 2406 255 2477 patriam
267 2407 358 2460 laudat
371 2408 520 2461 miserando
532 2408 559 2460 in
573 2409 686 2462 vulnere
698 2411 833 2465 dextram.

17 2499 23 2514 ‘
90 2494 204 2559 illaesi,
219 2511 277 2562 quae
290 2494 436 2564 Thybrim,
455 2512 515 2562 quae
527 2493 607 2565 fregit
621 2496 705 2566 Lydia
716 2496 800 2563 bella,

92 2583 220 2636 Nondum
231 2599 305 2653 passa
315 2600 426 2648 marem,
437 2583 528 2662 quales
539 2584 648 2653 optabat
660 2584 760 2638 habere

92 2671 237 2751 Qondam
249 2673 337 2725 Roma
348 2672 432 2737 viros,
445 2673 606 2726 contemtrix
617 2671 717 2726 Cloelia
729 2689 820 2727 sexus.

92 2761 174 2825 Cum,
187 2759 277 2814 subito
289 2772 396 2832 aspectu
410 2762 543 2825 turbatus,
557 2759 645 2830 Scipio
657 2760 755 2831 poscit,

92 2851 164 2924 Qae
177 2863 264 2918 poenae
277 2864 378 2914 caussa,
391 2848 474 2916 etqui
487 2847 539 2903 siut
551 2845 578 2898 in
590 2845 702 2900 crimine
714 2864 816 2903 manes.

90 2936 167 2989 Tum
178 2936 270 3009 virgo:
291 2937 394 2992 Patrios
407 2937 488 3009 fregit
499 2954 561 3008 quae
572 2937 698 2992 curribus
707 2949 792 3006 artus,
