2010 3450
189 308 280 350 um
297 308 356 348 ΧΠ.
393 311 422 348 v.
437 304 588 361 ‘us-144.
755 308 790 362 57

68 413 113 470 iiae
126 415 227 487 puppis
239 425 332 485 stagno
345 431 392 467 sua
401 414 510 467 nomina
520 423 664 467 monstrat.

69 519 84 556 c
94 501 217 556 Lucrino
227 502 353 554 mansisse
364 501 498 553 vocabula
508 502 645 570 quondam

68 591 72 644 i
83 598 226 654 memorat,
238 589 381 660 medioque
392 590 419 641 in
432 589 538 659 gurgite
549 589 627 658 ponti

68 677 141 732 leum
152 677 322 733 commendat
333 677 394 742 iter,
409 694 460 745 qua
472 676 577 729 discidit
590 692 684 746 aequor

68 766 244 838 itryoniades,
257 766 370 820 armenti
382 767 470 819 victor
482 766 564 818 lberi.

69 855 119 909 lim
130 853 240 926 populis
251 854 354 908 dictum
365 856 455 926 Styga,
469 853 576 937 nomine
586 872 666 909 verso

68 945 156 999 linter
167 944 301 998 celebrem
313 960 386 997 nunc
397 943 473 996 mitia
484 948 616 997 monstrat
625 947 785 1011 Avemum;

71 1034 143 1089 tristi
152 1050 263 1088 nemore
271 1043 349 1101 atque
362 1032 465 1086 umbris
477 1032 644 1103 nigrantibus
656 1032 777 1101 horrens,

68 1123 190 1177 midatus
200 1122 317 1188 volucri,
330 1121 409 1174 letale
420 1120 548 1174 vomebat

68 1231 86 1267 ο
94 1213 173 1267 virus
183 1211 263 1277 coelo,
278 1211 422 1284 Stygiaque
432 1228 482 1282 per
493 1212 574 1266 urbes

68 1319 121 1356 nne
133 1318 209 1356 sacer
221 1318 322 1355 saevum
335 1299 465 1354 retinebat
477 1299 617 1355 honorem.

68 1391 150 1446 ticina
162 1388 242 1461 palus
255 1389 341 1462 (fama
351 1398 401 1454 est,
416 1388 580 1444 Acherontis
591 1390 625 1444 ad
637 1390 725 1444 undas

68 1497 98 1534 re
109 1479 175 1545 iter)
188 1495 272 1532 caecas
283 1488 423 1550 stagnante
433 1479 562 1550 voragine
576 1479 665 1534 fauces

68 1607 74 1634 ,
85 1579 116 1622 et
127 1568 279 1622 horrendos
290 1569 376 1639 aperit
388 1569 493 1622 telluris
504 1570 602 1634 hiatus,

68 1663 174 1728 {umque
186 1676 258 1712 novo
269 1659 411 1730 perturbat
423 1660 524 1715 lumine
537 1678 637 1715 manes.

68 1759 109 1802 tta
120 1747 274 1819 caligantes,
288 1747 453 1820 longumque
465 1767 513 1820 per
526 1767 616 1803 aevum

68 1836 94 1889 is
106 1853 212 1906 pressas
224 1836 338 1901 nebulis,
352 1836 468 1906 pallente
480 1838 529 1891 sub
541 1837 638 1891 umbra

68 1925 138 1979 erias
143 1925 261 1993 jacuisse
270 1926 374 1991 domos,
387 1936 545 1994 noctemque
556 1925 718 1994 profundam

68 2030 120 2066 reae
131 2023 243 2066 narrant
255 2012 342 2068 urbis:
358 2024 417 2067 tum
430 2013 533 2067 sulfure
545 2025 572 2068 et
583 2014 639 2087 igni

68 2118 91 2154 er
102 2100 260 2154 anhelantes
271 2113 399 2170 coctoque
411 2102 543 2156 bitumine
554 2119 662 2174 campos

68 2199 133 2241 tant.
153 2187 244 2252 tellus,
257 2200 316 2242 atro
328 2190 481 2243 exundante
492 2206 592 2260 vapore

68 2287 131 2340 ans,
144 2276 263 2344 ustisque
273 2277 320 2330 diu
330 2276 458 2332 calefacta
468 2278 602 2343 medullis,

68 2374 102 2429 at,
113 2373 141 2416 et
154 2363 258 2434 Stygios
269 2365 377 2419 exhalat
389 2366 416 2419 in
429 2385 491 2421 aera
504 2367 593 2421 flatus.

68 2452 112 2516 rit,
124 2464 152 2504 et
164 2452 286 2506 tremulis
298 2456 473 2510 metuendum
485 2457 608 2510 exsibilat
620 2453 713 2511 antris.

68 2540 177 2609 lumque
187 2556 265 2594 cavas
276 2542 392 2596 luctatus
403 2562 527 2615 rumpere
539 2546 624 2612 sedes,

68 2628 129 2683 xire
142 2628 227 2694 fretis,
242 2632 330 2684 sonitu
343 2632 459 2703 lugubre
471 2633 567 2688 minaci

68 2717 124 2770 iber
133 2717 269 2788 immugit,
283 2717 447 2787 lacerataque
458 2720 560 2774 viscera
571 2732 650 2775 terrae

68 2803 103 2868 it,
114 2813 143 2856 et
153 2817 247 2856 exesos
259 2804 401 2858 labefactat
413 2823 552 2860 murmure
564 2819 679 2872 montes.

68 2901 110 2946 snt
123 2891 258 2946 Herculea
269 2905 418 2963 prostratos
429 2893 500 2948 mole
512 2895 632 2966 gigantas

68 2997 126 3036 rem
137 2981 264 3048 injectam
274 2992 394 3055 quatere,
407 2994 435 3037 et
445 2983 587 3056 spiramine
598 2984 694 3040 anhelo
