2010 3450
144 295 192 332 ror
344 283 434 325 siant
452 282 524 327 xm.
560 268 754 336 vrum—653.

146 394 216 448 Cara
225 407 329 464 parens,
341 406 432 460 quam,
446 398 473 441 te
485 397 515 441 ut
528 387 604 440 nobis
616 386 714 440 vidisse
725 386 829 454 liceret,

146 480 290 552 optassem
302 477 405 548 Stygias
416 475 460 529 vel
473 475 527 529 leto
539 474 640 529 intrare
650 475 785 527 tenebras.

147 571 217 642 Qae
231 583 288 619 sors
300 573 391 617 nostra
402 563 464 628 fuit,
477 563 521 616 cui
533 572 569 627 te,
582 580 647 616 cum
657 561 744 633 prima
755 560 870 629 subiret,

147 656 255 726 Eripuit
266 654 320 707 sine
331 653 434 707 honore
446 651 512 717 dies,
525 660 552 704 et
564 650 658 704 funere
670 651 785 719 carpsitl

146 742 256 812 Excipit
267 741 309 794 his
320 751 419 794 mater:
434 724 545 803 Nullos,
559 756 576 790 o
589 747 659 803 nate,
672 737 778 790 labores

145 831 226 884 Mors
237 828 332 883 habuit
345 835 449 880 nostra:
467 826 583 879 aethereo
596 826 664 879 dum
674 825 793 894 pondere
804 835 914 898 partum

147 912 293 980 Exselvor,
306 915 365 968 miti
377 905 473 968 dextra
486 913 608 984 Cyllenia
619 914 709 985 proles

147 1005 266 1077 Imperio
277 1004 354 1072 Jovis
366 1003 469 1073 Elysias
481 1002 594 1056 deduxit
606 1002 634 1056 in
646 1019 721 1068 oras,

149 1093 340 1163 Attribuitque
352 1107 429 1162 pares
441 1092 523 1156 sedes,
537 1090 585 1143 ubi
598 1108 694 1161 magna
706 1100 829 1146 moratur

149 1181 255 1236 Alcidae
268 1179 399 1251 genetrix,
411 1178 459 1231 ubi
471 1193 545 1232 sacro
557 1195 668 1231 munere
681 1179 764 1232 Leda.

149 1271 253 1322 Verum
264 1284 322 1339 age,
336 1276 406 1332 nate,
419 1276 481 1319 tuos
492 1275 577 1330 ortus,
591 1282 624 1318 ne
637 1265 708 1320 bella
720 1267 859 1337 pavescas.

150 1354 223 1420 Ulla,
236 1371 285 1409 nec
297 1354 326 1407 in
337 1352 436 1407 coelum
448 1353 554 1407 dubites
566 1365 592 1406 te
604 1353 699 1407 tollere
709 1354 796 1421 factis,

152 1440 269 1514 Qando
282 1438 385 1507 aperire
397 1437 477 1491 datur
489 1438 576 1503 nobis,
591 1426 662 1492 nunc
672 1439 789 1511 denique
799 1440 892 1499 disce,

154 1528 216 1581 Sola
227 1527 270 1580 die
282 1541 405 1595 caperem
417 1525 504 1579 medio
517 1543 580 1579 cum
592 1525 661 1580 forte
672 1527 770 1597 petitos

152 1615 200 1669 Ad
212 1613 331 1684 requiem
340 1631 457 1679 somnos,
472 1615 576 1668 subitus
588 1614 654 1667 mibi
666 1616 788 1670 membra
798 1617 894 1690 ligavit

153 1703 316 1772 Amplexus,
330 1719 384 1754 non
395 1702 448 1767 ille,
463 1718 522 1755 meo
535 1703 658 1756 veniente
669 1705 776 1771 marito,

154 1795 288 1853 Assuetus
300 1792 438 1862 facilisque
450 1792 529 1847 mihi:
549 1802 608 1846 tum
619 1792 679 1846 luce
690 1810 812 1860 corusca,

60 1879 62 1882 ⁴
154 1883 287 1953 implebat
300 1899 451 1952 quanquam
463 1881 617 1951 languentia
628 1882 731 1935 lumina
743 1900 865 1951 somnus,

154 1971 216 2025 Vidi
231 1972 335 2040 (crede)
348 1973 455 2038 Jovem.
476 1988 524 2023 nec
537 1987 579 2023 me
591 1980 693 2023 mutata
703 1970 800 2025 fefellit

110 2080 114 2086 ·
155 2063 253 2115 Forma
266 2059 326 2125 Dei,
340 2059 424 2130 quod,
438 2058 605 2129 squalentem
617 2075 763 2131 conversus
775 2061 804 2114 in
815 2079 941 2134 anguem,

157 2149 263 2220 lugenti
275 2148 357 2201 traxit
369 2158 481 2202 curvata
492 2147 631 2201 volumina
642 2166 720 2219 gyro.
980 2137 987 2147 ⁴

159 2239 211 2291 Sed
224 2237 288 2290 mihi
300 2246 361 2307 post
372 2246 481 2306 parturn
493 2252 547 2289 non
560 2236 631 2289 ultra
642 2238 740 2290 ducere
752 2237 838 2292 vitam

157 2325 330 2378 Concessum.
344 2326 415 2390 Heu,
427 2334 558 2393 quantum
569 2325 671 2394 gemui,
684 2326 758 2396 quod
771 2327 882 2399 spiritus
892 2338 959 2394 ante,

157 2413 223 2469 Haec
232 2409 280 2462 tibi
292 2427 374 2479 quam
384 2410 515 2463 noscenda
526 2410 627 2475 darem,
641 2412 759 2466 discessit
771 2413 800 2467 in
811 2419 902 2469 aurasl
960 2438 963 2443 ·

157 2498 207 2550 His
219 2497 306 2551 alacer
318 2497 388 2551 colla
398 2498 524 2566 amplexu
536 2510 656 2552 materna
666 2500 788 2569 petebats

156 2586 314 2654 Umbraque
326 2594 367 2642 ter
379 2585 480 2638 frustra
491 2602 540 2656 per
551 2585 629 2640 inane
641 2589 724 2656 petita
735 2588 844 2646 fefellit.

158 2672 309 2726 Succedunt
322 2672 462 2727 simulacra
473 2674 564 2727 virtim
576 2677 727 2741 concordia,
744 2679 829 2749 patris

156 2757 336 2829 Unanimique
349 2759 427 2812 simul
440 2761 539 2830 patrui.
559 2761 626 2814 Ruit
637 2762 693 2834 ipse
704 2781 754 2834 per
764 2767 903 2838 umbram¹

157 2846 256 2900 Oscula
269 2863 337 2900 vana
349 2859 449 2918 petens,
460 2849 577 2915 juvenis,
591 2849 720 2921 fumoque
731 2853 840 2913 volucri

61 3008 66 3018 .
157 2933 194 3000 Et
206 2933 310 2994 nebulis
322 2934 419 2992 similes
429 2936 530 2998 animas
541 2939 707 3013 apprendere
717 2950 814 3002 certat.
