<?xml version="1.0" encoding="UTF-8"?>
<!DOCTYPE html PUBLIC "-//W3C//DTD XHTML 1.0 Transitional//EN"
    "http://www.w3.org/TR/xhtml1/DTD/xhtml1-transitional.dtd">
<html xmlns="http://www.w3.org/1999/xhtml" xml:lang="en" lang="en">
 <head>
  <title>
</title>
<meta http-equiv="Content-Type" content="text/html;charset=utf-8" />
  <meta name='ocr-system' content='tesseract 3.04.00' />
  <meta name='ocr-capabilities' content='ocr_page ocr_carea ocr_par ocr_line ocrx_word'/>
</head>
<body>
  <div class='ocr_page' id='page_1' title='image "./cajisiliiitalic00unkngoog_0250.png"; bbox 0 0 2010 3450; ppageno 0'>
   <div class='ocr_carea' id='block_1_1' title="bbox 412 259 867 329">
    <p class='ocr_par' dir='ltr' id='par_1_1' title="bbox 412 259 867 329">
     <span class='ocr_line' id='line_1_1' title="bbox 412 259 867 329; baseline 0.002 -14"><span class='ocrx_word' id='word_1_1' title='bbox 412 259 520 316; x_wconf 67' lang='lat' dir='ltr'>norma</span> <span class='ocrx_word' id='word_1_2' title='bbox 821 274 867 329; x_wconf 75' lang='lat'>241</span> 
     </span>
    </p>
   </div>
   <div class='ocr_carea' id='block_1_2' title="bbox 58 379 876 3006">
    <p class='ocr_par' dir='ltr' id='par_1_2' title="bbox 58 379 870 718">
     <span class='ocr_line' id='line_1_2' title="bbox 96 379 868 454; baseline -0.005 -14"><span class='ocrx_word' id='word_1_3' title='bbox 96 387 154 453; x_wconf 72' lang='lat'>143.</span> <span class='ocrx_word' id='word_1_4' title='bbox 170 381 417 454; x_wconf 74' lang='lat' dir='ltr'>attonitoqnetimens]</span> <span class='ocrx_word' id='word_1_5' title='bbox 436 381 478 435; x_wconf 88' lang='lat' dir='ltr'>Sic</span> <span class='ocrx_word' id='word_1_6' title='bbox 491 379 581 450; x_wconf 78' lang='lat' dir='ltr'>scripti</span> <span class='ocrx_word' id='word_1_7' title='bbox 589 380 693 436; x_wconf 88' lang='lat' dir='ltr'>codices</span> <span class='ocrx_word' id='word_1_8' title='bbox 704 389 868 436; x_wconf 84' lang='lat' dir='ltr'><strong>constanter.</strong></span> 
     </span>
     <span class='ocr_line' id='line_1_3' title="bbox 60 468 870 528; baseline -0.007 0"><span class='ocrx_word' id='word_1_9' title='bbox 60 477 133 528; x_wconf 87' lang='lat' dir='ltr'>Bene</span> <span class='ocrx_word' id='word_1_10' title='bbox 145 473 245 526; x_wconf 91' lang='lat' dir='ltr'>Glossa</span> <span class='ocrx_word' id='word_1_11' title='bbox 257 469 473 524; x_wconf 89' lang='lat' dir='ltr'>CodicisTeller.</span> <span class='ocrx_word' id='word_1_12' title='bbox 492 477 573 523; x_wconf 85' lang='lat' dir='ltr'>‘nato</span> <span class='ocrx_word' id='word_1_13' title='bbox 585 468 715 525; x_wconf 87' lang='lat' dir='ltr'>timens.&#39;.</span> <span class='ocrx_word' id='word_1_14' title='bbox 726 473 766 524; x_wconf 92' lang='lat' dir='ltr'>Ut</span> <span class='ocrx_word' id='word_1_15' title='bbox 776 471 804 523; x_wconf 92' lang='lat' dir='ltr'>in</span> <span class='ocrx_word' id='word_1_16' title='bbox 813 473 870 524; x_wconf 88' lang='lat' dir='ltr'>Te·-</span> 
     </span>
     <span class='ocr_line' id='line_1_4' title="bbox 58 557 867 626; baseline -0.009 -9"><span class='ocrx_word' id='word_1_17' title='bbox 58 562 240 616; x_wconf 83' lang='lat' dir='ltr'>rent.&#39;Andr.</span> <span class='ocrx_word' id='word_1_18' title='bbox 252 562 276 611; x_wconf 92' lang='lat'>1.</span> <span class='ocrx_word' id='word_1_19' title='bbox 294 564 318 626; x_wconf 78' lang='lat'>3&#39;.</span> <span class='ocrx_word' id='word_1_20' title='bbox 334 577 361 624; x_wconf 75' lang='grc' dir='ltr'>ς.</span> <span class='ocrx_word' id='word_1_21' title='bbox 385 559 463 624; x_wconf 83' lang='lat' dir='ltr'>‘ejus</span> <span class='ocrx_word' id='word_1_22' title='bbox 476 558 540 610; x_wconf 67' lang='lat' dir='ltr'>vitae</span> <span class='ocrx_word' id='word_1_23' title='bbox 559 557 786 612; x_wconf 83' lang='lat' dir='ltr'>timeo.&#39;-Drak.</span> <span class='ocrx_word' id='word_1_24' title='bbox 801 569 867 610; x_wconf 84' lang='lat' dir='ltr'>atto-</span> 
     </span>
     <span class='ocr_line' id='line_1_5' title="bbox 58 646 719 718; baseline -0.008 -15"><span class='ocrx_word' id='word_1_25' title='bbox 58 652 108 703; x_wconf 84' lang='lat' dir='ltr'><em>niti</em></span> <span class='ocrx_word' id='word_1_26' title='bbox 122 661 145 702; x_wconf 84' lang='lat' dir='ltr'>ct</span> <span class='ocrx_word' id='word_1_27' title='bbox 157 650 261 701; x_wconf 60' lang='lat' dir='ltr'>nitens*</span> <span class='ocrx_word' id='word_1_28' title='bbox 282 647 429 710; x_wconf 77' lang='lat' dir='ltr'>LivihejuS,</span> <span class='ocrx_word' id='word_1_29' title='bbox 448 646 719 718; x_wconf 74' lang='lat' dir='ltr'>attonitumquetimmu</span> 
     </span>
    </p>

    <p class='ocr_par' dir='ltr' id='par_1_3' title="bbox 98 735 544 809">
     <span class='ocr_line' id='line_1_6' title="bbox 98 735 544 809; baseline -0.009 -18"><span class='ocrx_word' id='word_1_30' title='bbox 98 758 156 809; x_wconf 81' lang='lat'>¹99·</span> <span class='ocrx_word' id='word_1_31' title='bbox 179 738 265 789; x_wconf 83' lang='lat' dir='ltr'>ductor</span> <span class='ocrx_word' id='word_1_32' title='bbox 275 735 376 804; x_wconf 89' lang='lat' dir='ltr'>scripti,</span> <span class='ocrx_word' id='word_1_33' title='bbox 393 751 446 786; x_wconf 92' lang='lat' dir='ltr'>non</span> <span class='ocrx_word' id='word_1_34' title='bbox 459 736 544 788; x_wconf 77' lang='lat' dir='ltr'>vietor.</span> 
     </span>
    </p>

    <p class='ocr_par' dir='ltr' id='par_1_4' title="bbox 61 823 872 1085">
     <span class='ocr_line' id='line_1_7' title="bbox 97 823 872 895; baseline -0.003 -17"><span class='ocrx_word' id='word_1_35' title='bbox 97 845 156 878; x_wconf 71' lang='grc' dir='ltr'>ιη.</span> <span class='ocrx_word' id='word_1_36' title='bbox 178 823 306 895; x_wconf 75' lang='lat' dir='ltr'>Gargana]</span> <span class='ocrx_word' id='word_1_37' title='bbox 330 823 473 875; x_wconf 83' lang='lat' dir='ltr'>Servamus</span> <span class='ocrx_word' id='word_1_38' title='bbox 489 839 553 875; x_wconf 92' lang='lat' dir='ltr'>cum</span> <span class='ocrx_word' id='word_1_39' title='bbox 573 823 666 877; x_wconf 86' lang='lat' dir='ltr'>Lefeb.</span> <span class='ocrx_word' id='word_1_40' title='bbox 692 825 766 880; x_wconf 90' lang='lat' dir='ltr'>Nihil</span> <span class='ocrx_word' id='word_1_41' title='bbox 786 832 872 878; x_wconf 80' lang='lat' dir='ltr'>mutat</span> 
     </span>
     <span class='ocr_line' id='line_1_8' title="bbox 61 910 870 989; baseline -0.017 -10"><span class='ocrx_word' id='word_1_42' title='bbox 61 910 159 979; x_wconf 77' lang='lat' dir='ltr'>Colon.</span> <span class='ocrx_word' id='word_1_43' title='bbox 180 933 206 976; x_wconf 93' lang='lat' dir='ltr'>et</span> <span class='ocrx_word' id='word_1_44' title='bbox 216 922 267 974; x_wconf 89' lang='lat' dir='ltr'>Ed.</span> <span class='ocrx_word' id='word_1_45' title='bbox 285 917 484 972; x_wconf 65' lang='lat' dir='ltr'>Andr-Aliis</span> <span class='ocrx_word' id='word_1_46' title='bbox 495 918 635 989; x_wconf 81' lang='lat' dir='ltr'>Garganus.</span> <span class='ocrx_word' id='word_1_47' title='bbox 655 916 730 968; x_wconf 88' lang='lat' dir='ltr'>Tum</span> <span class='ocrx_word' id='word_1_48' title='bbox 739 912 799 966; x_wconf 88' lang='lat' dir='ltr'>dele</span> <span class='ocrx_word' id='word_1_49' title='bbox 811 929 839 962; x_wconf 82' lang='grc' dir='ltr'>το</span> <span class='ocrx_word' id='word_1_50' title='bbox 858 931 870 965; x_wconf 89' lang='lat' dir='ltr'>s</span> 
     </span>
     <span class='ocr_line' id='line_1_9' title="bbox 61 993 754 1085; baseline -0.017 -18"><span class='ocrx_word' id='word_1_51' title='bbox 61 1010 136 1085; x_wconf 87' lang='lat' dir='ltr'>quod</span> <span class='ocrx_word' id='word_1_52' title='bbox 148 1012 272 1066; x_wconf 87' lang='lat' dir='ltr'>mendose</span> <span class='ocrx_word' id='word_1_53' title='bbox 285 1008 312 1060; x_wconf 87' lang='lat' dir='ltr'>in</span> <span class='ocrx_word' id='word_1_54' title='bbox 324 1017 400 1059; x_wconf 85' lang='lat' dir='ltr'>textu</span> <span class='ocrx_word' id='word_1_55' title='bbox 415 1017 507 1059; x_wconf 90' lang='lat' dir='ltr'>nostro</span> <span class='ocrx_word' id='word_1_56' title='bbox 520 1005 661 1059; x_wconf 67' lang='lat' dir='ltr'>retineturr</span> <span class='ocrx_word' id='word_1_57' title='bbox 746 993 754 1007; x_wconf 78' lang='grc'><em>“</em></span> 
     </span>
    </p>

    <p class='ocr_par' dir='ltr' id='par_1_5' title="bbox 98 1093 680 1166">
     <span class='ocr_line' id='line_1_10' title="bbox 98 1093 680 1166; baseline -0.005 -17"><span class='ocrx_word' id='word_1_58' title='bbox 98 1117 159 1166; x_wconf 84' lang='lat'>234.</span> <span class='ocrx_word' id='word_1_59' title='bbox 177 1097 244 1166; x_wconf 84' lang='lat' dir='ltr'>ipsa]</span> <span class='ocrx_word' id='word_1_60' title='bbox 263 1112 406 1166; x_wconf 72' lang='grc' dir='ltr'>παροραμα.</span> <span class='ocrx_word' id='word_1_61' title='bbox 421 1093 525 1162; x_wconf 84' lang='lat' dir='ltr'>corrige</span> <span class='ocrx_word' id='word_1_62' title='bbox 535 1102 565 1145; x_wconf 90' lang='lat' dir='ltr'>ut</span> <span class='ocrx_word' id='word_1_63' title='bbox 577 1094 610 1145; x_wconf 91' lang='lat' dir='ltr'>sit</span> <span class='ocrx_word' id='word_1_64' title='bbox 622 1096 680 1164; x_wconf 68' lang='lat' dir='ltr'>r‘pse:</span> 
     </span>
    </p>

    <p class='ocr_par' dir='ltr' id='par_1_6' title="bbox 63 1179 868 1332">
     <span class='ocr_line' id='line_1_11' title="bbox 97 1179 868 1255; baseline 0 -15"><span class='ocrx_word' id='word_1_65' title='bbox 97 1206 157 1255; x_wconf 85' lang='lat'>274.</span> <span class='ocrx_word' id='word_1_66' title='bbox 182 1182 339 1238; x_wconf 84' lang='lat' dir='ltr'>Audiendus</span> <span class='ocrx_word' id='word_1_67' title='bbox 363 1191 402 1234; x_wconf 87' lang='lat' dir='ltr'>est</span> <span class='ocrx_word' id='word_1_68' title='bbox 421 1179 466 1236; x_wconf 83' lang='lat' dir='ltr'>hic</span> <span class='ocrx_word' id='word_1_69' title='bbox 483 1181 517 1234; x_wconf 88' lang='lat' dir='ltr'>cl.</span> <span class='ocrx_word' id='word_1_70' title='bbox 534 1181 629 1234; x_wconf 85' lang='lat' dir='ltr'>Lefeb.</span> <span class='ocrx_word' id='word_1_71' title='bbox 650 1183 696 1253; x_wconf 92' lang='lat' dir='ltr'>qui</span> <span class='ocrx_word' id='word_1_72' title='bbox 714 1185 748 1236; x_wconf 90' lang='lat' dir='ltr'>ad</span> <span class='ocrx_word' id='word_1_73' title='bbox 762 1202 790 1238; x_wconf 89' lang='lat' dir='ltr'>v.</span> <span class='ocrx_word' id='word_1_74' title='bbox 808 1185 868 1242; x_wconf 72' lang='lat'><strong>268.</strong></span> 
     </span>
     <span class='ocr_line' id='line_1_12' title="bbox 63 1277 223 1332; baseline -0.038 0"><span class='ocrx_word' id='word_1_75' title='bbox 63 1277 223 1332; x_wconf 87' lang='lat' dir='ltr'>haechabet.</span> 
     </span>
    </p>

    <p class='ocr_par' dir='ltr' id='par_1_7' title="bbox 61 1358 874 2317">
     <span class='ocr_line' id='line_1_13' title="bbox 98 1358 870 1432; baseline -0.001 -15"><span class='ocrx_word' id='word_1_76' title='bbox 98 1362 250 1418; x_wconf 76' lang='lat' dir='ltr'>‘Graviter</span> <span class='ocrx_word' id='word_1_77' title='bbox 267 1361 356 1432; x_wconf 86' lang='lat' dir='ltr'>lapsus</span> <span class='ocrx_word' id='word_1_78' title='bbox 368 1368 408 1413; x_wconf 89' lang='lat' dir='ltr'>est</span> <span class='ocrx_word' id='word_1_79' title='bbox 425 1359 452 1411; x_wconf 95' lang='lat' dir='ltr'>in</span> <span class='ocrx_word' id='word_1_80' title='bbox 471 1358 540 1412; x_wconf 90' lang='lat' dir='ltr'>notis</span> <span class='ocrx_word' id='word_1_81' title='bbox 554 1361 640 1413; x_wconf 80' lang='lat' dir='ltr'>Drak.</span> <span class='ocrx_word' id='word_1_82' title='bbox 656 1361 702 1430; x_wconf 89' lang='lat' dir='ltr'>qui</span> <span class='ocrx_word' id='word_1_83' title='bbox 720 1361 756 1414; x_wconf 88' lang='lat' dir='ltr'>ait</span> <span class='ocrx_word' id='word_1_84' title='bbox 775 1363 870 1416; x_wconf 86' lang='lat' dir='ltr'>Silium</span> 
     </span>
     <span class='ocr_line' id='line_1_14' title="bbox 62 1450 867 1521; baseline -0.004 -13"><span class='ocrx_word' id='word_1_85' title='bbox 62 1455 155 1508; x_wconf 90' lang='lat' dir='ltr'>eadem</span> <span class='ocrx_word' id='word_1_86' title='bbox 167 1453 271 1506; x_wconf 78' lang='lat' dir='ltr'>tradere</span> <span class='ocrx_word' id='word_1_87' title='bbox 283 1470 314 1505; x_wconf 91' lang='lat' dir='ltr'>ac</span> <span class='ocrx_word' id='word_1_88' title='bbox 328 1451 469 1521; x_wconf 81' lang='lat' dir='ltr'>scriptores</span> <span class='ocrx_word' id='word_1_89' title='bbox 479 1450 513 1502; x_wconf 86' lang='lat' dir='ltr'>de</span> <span class='ocrx_word' id='word_1_90' title='bbox 525 1450 618 1503; x_wconf 88' lang='lat' dir='ltr'>ordine</span> <span class='ocrx_word' id='word_1_91' title='bbox 631 1450 711 1517; x_wconf 87' lang='lat' dir='ltr'>hujus</span> <span class='ocrx_word' id='word_1_92' title='bbox 723 1451 799 1505; x_wconf 71' lang='lat' dir='ltr'>aciei,</span> <span class='ocrx_word' id='word_1_93' title='bbox 815 1453 867 1505; x_wconf 89' lang='lat' dir='ltr'>Le-</span> 
     </span>
     <span class='ocr_line' id='line_1_15' title="bbox 61 1537 871 1614; baseline -0.004 -21"><span class='ocrx_word' id='word_1_94' title='bbox 61 1551 143 1614; x_wconf 87' lang='lat' dir='ltr'>gatur</span> <span class='ocrx_word' id='word_1_95' title='bbox 155 1539 258 1603; x_wconf 86' lang='lat' dir='ltr'>Livius,</span> <span class='ocrx_word' id='word_1_96' title='bbox 277 1539 373 1591; x_wconf 89' lang='lat' dir='ltr'>XXll.</span> <span class='ocrx_word' id='word_1_97' title='bbox 392 1543 436 1603; x_wconf 90' lang='lat'>46.</span> <span class='ocrx_word' id='word_1_98' title='bbox 463 1547 490 1590; x_wconf 90' lang='lat' dir='ltr'>et</span> <span class='ocrx_word' id='word_1_99' title='bbox 508 1537 618 1590; x_wconf 87' lang='lat' dir='ltr'>Poetaa</span> <span class='ocrx_word' id='word_1_100' title='bbox 637 1555 665 1591; x_wconf 89' lang='lat' dir='ltr'>v.</span> <span class='ocrx_word' id='word_1_101' title='bbox 688 1558 746 1592; x_wconf 85' lang='lat'><em>220.</em></span> <span class='ocrx_word' id='word_1_102' title='bbox 762 1540 796 1592; x_wconf 90' lang='lat' dir='ltr'>ad</span> <span class='ocrx_word' id='word_1_103' title='bbox 810 1559 871 1605; x_wconf 86' lang='lat'><strong>244.</strong></span> 
     </span>
     <span class='ocr_line' id='line_1_16' title="bbox 62 1627 872 1700; baseline -0.001 -18"><span class='ocrx_word' id='word_1_104' title='bbox 62 1629 200 1683; x_wconf 87' lang='lat' dir='ltr'>videbitur</span> <span class='ocrx_word' id='word_1_105' title='bbox 211 1645 292 1697; x_wconf 89' lang='lat' dir='ltr'>quam</span> <span class='ocrx_word' id='word_1_106' title='bbox 301 1627 416 1679; x_wconf 89' lang='lat' dir='ltr'>immane</span> <span class='ocrx_word' id='word_1_107' title='bbox 425 1627 585 1695; x_wconf 86' lang='lat' dir='ltr'>discrepant,</span> <span class='ocrx_word' id='word_1_108' title='bbox 599 1637 625 1679; x_wconf 86' lang='lat' dir='ltr'>et</span> <span class='ocrx_word' id='word_1_109' title='bbox 639 1627 749 1681; x_wconf 88' lang='lat' dir='ltr'>Poetam</span> <span class='ocrx_word' id='word_1_110' title='bbox 761 1647 810 1700; x_wconf 86' lang='lat' dir='ltr'>pro</span> <span class='ocrx_word' id='word_1_111' title='bbox 823 1634 872 1683; x_wconf 91' lang='lat' dir='ltr'>suo</span> 
     </span>
     <span class='ocr_line' id='line_1_17' title="bbox 62 1714 871 1790; baseline 0.001 -18"><span class='ocrx_word' id='word_1_112' title='bbox 62 1717 170 1789; x_wconf 87' lang='lat' dir='ltr'>ingenio</span> <span class='ocrx_word' id='word_1_113' title='bbox 181 1716 264 1769; x_wconf 86' lang='lat' dir='ltr'>aciem</span> <span class='ocrx_word' id='word_1_114' title='bbox 282 1714 427 1769; x_wconf 79' lang='lat' dir='ltr'>ordinaisse.</span> <span class='ocrx_word' id='word_1_115' title='bbox 456 1715 528 1788; x_wconf 82' lang='lat' dir='ltr'>Qia</span> <span class='ocrx_word' id='word_1_116' title='bbox 543 1715 585 1768; x_wconf 89' lang='lat' dir='ltr'>die</span> <span class='ocrx_word' id='word_1_117' title='bbox 596 1716 643 1769; x_wconf 91' lang='lat' dir='ltr'>illa</span> <span class='ocrx_word' id='word_1_118' title='bbox 655 1718 743 1770; x_wconf 89' lang='lat' dir='ltr'>Varro</span> <span class='ocrx_word' id='word_1_119' title='bbox 755 1717 871 1790; x_wconf 85' lang='lat' dir='ltr'>impera-</span> 
     </span>
     <span class='ocr_line' id='line_1_18' title="bbox 63 1804 872 1870; baseline -0.001 -10"><span class='ocrx_word' id='word_1_120' title='bbox 63 1808 120 1870; x_wconf 86' lang='lat' dir='ltr'>bat,</span> <span class='ocrx_word' id='word_1_121' title='bbox 136 1804 214 1858; x_wconf 93' lang='lat' dir='ltr'>illum</span> <span class='ocrx_word' id='word_1_122' title='bbox 234 1804 267 1856; x_wconf 88' lang='lat' dir='ltr'>ad</span> <span class='ocrx_word' id='word_1_123' title='bbox 287 1804 414 1857; x_wconf 84' lang='lat' dir='ltr'>dextrum</span> <span class='ocrx_word' id='word_1_124' title='bbox 425 1820 510 1857; x_wconf 88' lang='lat' dir='ltr'>cornu</span> <span class='ocrx_word' id='word_1_125' title='bbox 527 1804 643 1856; x_wconf 88' lang='lat' dir='ltr'>Romani</span> <span class='ocrx_word' id='word_1_126' title='bbox 662 1805 795 1858; x_wconf 83' lang='lat' dir='ltr'>exercitus</span> <span class='ocrx_word' id='word_1_127' title='bbox 814 1806 872 1860; x_wconf 91' lang='lat' dir='ltr'>col-</span> 
     </span>
     <span class='ocr_line' id='line_1_19' title="bbox 63 1891 871 1962; baseline -0.001 -15"><span class='ocrx_word' id='word_1_128' title='bbox 63 1894 144 1956; x_wconf 71' lang='lat' dir='ltr'>locat,</span> <span class='ocrx_word' id='word_1_129' title='bbox 156 1891 280 1944; x_wconf 81' lang='lat' dir='ltr'>Paullum</span> <span class='ocrx_word' id='word_1_130' title='bbox 292 1909 365 1945; x_wconf 64' lang='lat' dir='ltr'>vero&gt;</span> <span class='ocrx_word' id='word_1_131' title='bbox 374 1893 408 1945; x_wconf 87' lang='lat' dir='ltr'>ad</span> <span class='ocrx_word' id='word_1_132' title='bbox 427 1891 580 1944; x_wconf 85' lang='lat' dir='ltr'>sinistrum:</span> <span class='ocrx_word' id='word_1_133' title='bbox 600 1893 674 1962; x_wconf 90' lang='lat' dir='ltr'>quod</span> <span class='ocrx_word' id='word_1_134' title='bbox 686 1911 764 1946; x_wconf 93' lang='lat' dir='ltr'>nemo</span> <span class='ocrx_word' id='word_1_135' title='bbox 777 1894 871 1946; x_wconf 86' lang='lat' dir='ltr'>obser·-</span> 
     </span>
     <span class='ocr_line' id='line_1_20' title="bbox 63 1978 873 2049; baseline 0.005 -17"><span class='ocrx_word' id='word_1_136' title='bbox 63 1981 148 2033; x_wconf 85' lang='lat' dir='ltr'>vavit.</span> <span class='ocrx_word' id='word_1_137' title='bbox 173 1978 216 2031; x_wconf 77' lang='lat' dir='ltr'>sic</span> <span class='ocrx_word' id='word_1_138' title='bbox 227 1979 316 2049; x_wconf 88' lang='lat' dir='ltr'>itaque</span> <span class='ocrx_word' id='word_1_139' title='bbox 327 1979 376 2032; x_wconf 91' lang='lat' dir='ltr'>sibi</span> <span class='ocrx_word' id='word_1_140' title='bbox 388 1978 519 2032; x_wconf 80' lang='lat' dir='ltr'>constabit</span> <span class='ocrx_word' id='word_1_141' title='bbox 529 1980 620 2044; x_wconf 90' lang='lat' dir='ltr'>Poeta,</span> <span class='ocrx_word' id='word_1_142' title='bbox 630 1997 658 2032; x_wconf 89' lang='lat' dir='ltr'>v.</span> <span class='ocrx_word' id='word_1_143' title='bbox 676 1999 734 2047; x_wconf 83' lang='lat'>274.</span> <span class='ocrx_word' id='word_1_144' title='bbox 747 1982 793 2034; x_wconf 89' lang='lat' dir='ltr'>ubi</span> <span class='ocrx_word' id='word_1_145' title='bbox 804 1984 873 2036; x_wconf 90' lang='lat' dir='ltr'>male</span> 
     </span>
     <span class='ocr_line' id='line_1_21' title="bbox 64 2068 873 2139; baseline 0.002 -19"><span class='ocrx_word' id='word_1_146' title='bbox 64 2068 163 2139; x_wconf 91' lang='lat' dir='ltr'>legitur</span> <span class='ocrx_word' id='word_1_147' title='bbox 183 2069 267 2120; x_wconf 82' lang='lat' dir='ltr'>dextro</span> <span class='ocrx_word' id='word_1_148' title='bbox 283 2085 333 2137; x_wconf 89' lang='lat' dir='ltr'>pro</span> <span class='ocrx_word' id='word_1_149' title='bbox 354 2070 413 2120; x_wconf 78' lang='lat' dir='ltr'>lavo</span> <span class='ocrx_word' id='word_1_150' title='bbox 429 2068 455 2119; x_wconf 94' lang='lat' dir='ltr'>in</span> <span class='ocrx_word' id='word_1_151' title='bbox 473 2068 539 2124; x_wconf 88' lang='lat' dir='ltr'>aliis.</span> <span class='ocrx_word' id='word_1_152' title='bbox 568 2071 732 2136; x_wconf 85' lang='lat' dir='ltr'>Frequenter</span> <span class='ocrx_word' id='word_1_153' title='bbox 744 2086 820 2134; x_wconf 90' lang='lat' dir='ltr'>vero,</span> <span class='ocrx_word' id='word_1_154' title='bbox 841 2080 873 2122; x_wconf 90' lang='lat' dir='ltr'>ut</span> 
     </span>
     <span class='ocr_line' id='line_1_22' title="bbox 65 2156 874 2220; baseline 0.004 -12"><span class='ocrx_word' id='word_1_155' title='bbox 65 2166 141 2208; x_wconf 86' lang='lat' dir='ltr'>antea</span> <span class='ocrx_word' id='word_1_156' title='bbox 160 2164 282 2208; x_wconf 90' lang='lat' dir='ltr'>notatum</span> <span class='ocrx_word' id='word_1_157' title='bbox 301 2166 350 2220; x_wconf 86' lang='lat' dir='ltr'>est,</span> <span class='ocrx_word' id='word_1_158' title='bbox 368 2156 469 2208; x_wconf 82' lang='lat' dir='ltr'>librarii</span> <span class='ocrx_word' id='word_1_159' title='bbox 484 2158 593 2210; x_wconf 81' lang='lat' dir='ltr'>dextrum</span> <span class='ocrx_word' id='word_1_160' title='bbox 612 2166 638 2209; x_wconf 88' lang='lat' dir='ltr'>et</span> <span class='ocrx_word' id='word_1_161' title='bbox 655 2159 739 2210; x_wconf 78' lang='lat' dir='ltr'>lavam</span> <span class='ocrx_word' id='word_1_162' title='bbox 758 2158 828 2211; x_wconf 90' lang='lat' dir='ltr'>inter</span> <span class='ocrx_word' id='word_1_163' title='bbox 848 2167 874 2211; x_wconf 78' lang='lat' dir='ltr'>se</span> 
     </span>
     <span class='ocr_line' id='line_1_23' title="bbox 66 2241 548 2317; baseline -0.012 -20"><span class='ocrx_word' id='word_1_164' title='bbox 66 2241 292 2297; x_wconf 62' lang='lat' dir='ltr'>commutdrunt!</span> <span class='ocrx_word' id='word_1_165' title='bbox 546 2310 548 2317; x_wconf 32' lang='grc' dir='ltr'>Ι</span> 
     </span>
    </p>

    <p class='ocr_par' dir='ltr' id='par_1_8' title="bbox 66 2320 876 2918">
     <span class='ocr_line' id='line_1_24' title="bbox 100 2320 872 2404; baseline 0.005 -21"><span class='ocrx_word' id='word_1_166' title='bbox 100 2349 162 2398; x_wconf 81' lang='lat'>314.</span> <span class='ocrx_word' id='word_1_167' title='bbox 187 2333 319 2404; x_wconf 79' lang='lat' dir='ltr'>ueprius]</span> <span class='ocrx_word' id='word_1_168' title='bbox 339 2320 516 2388; x_wconf 83' lang='lat' dir='ltr'>Feliciterita</span> <span class='ocrx_word' id='word_1_169' title='bbox 541 2335 720 2389; x_wconf 83' lang='lat' dir='ltr'>Burmannus.</span> <span class='ocrx_word' id='word_1_170' title='bbox 760 2354 787 2392; x_wconf 76' lang='lat' dir='ltr'>v.</span> <span class='ocrx_word' id='word_1_171' title='bbox 811 2326 872 2389; x_wconf 76' lang='lat' dir='ltr'>Lir.</span> 
     </span>
     <span class='ocr_line' id='line_1_25' title="bbox 66 2412 872 2496; baseline 0.01 -25"><span class='ocrx_word' id='word_1_172' title='bbox 66 2419 206 2472; x_wconf 84' lang='lat' dir='ltr'><strong>XXVIII.</strong></span> <span class='ocrx_word' id='word_1_173' title='bbox 219 2435 244 2472; x_wconf 82' lang='lat'>2.</span> <span class='ocrx_word' id='word_1_174' title='bbox 258 2423 318 2488; x_wconf 87' lang='lat' dir='ltr'>Jam</span> <span class='ocrx_word' id='word_1_175' title='bbox 331 2420 390 2474; x_wconf 90' lang='lat' dir='ltr'>telis</span> <span class='ocrx_word' id='word_1_176' title='bbox 401 2423 511 2492; x_wconf 86' lang='lat' dir='ltr'>plurimi</span> <span class='ocrx_word' id='word_1_177' title='bbox 523 2422 629 2477; x_wconf 86' lang='lat' dir='ltr'>fuerant</span> <span class='ocrx_word' id='word_1_178' title='bbox 641 2412 773 2478; x_wconf 82' lang='lat' dir='ltr'>interfecti</span> <span class='ocrx_word' id='word_1_179' title='bbox 785 2426 872 2496; x_wconf 84' lang='lat' dir='ltr'>prius-</span> 
     </span>
     <span class='ocr_line' id='line_1_26' title="bbox 67 2508 874 2585; baseline 0.006 -24"><span class='ocrx_word' id='word_1_180' title='bbox 67 2525 149 2579; x_wconf 86' lang='lat' dir='ltr'>quam</span> <span class='ocrx_word' id='word_1_181' title='bbox 165 2508 315 2562; x_wconf 88' lang='lat' dir='ltr'>comminus</span> <span class='ocrx_word' id='word_1_182' title='bbox 327 2510 415 2579; x_wconf 87' lang='lat' dir='ltr'>gladio</span> <span class='ocrx_word' id='word_1_183' title='bbox 434 2522 592 2565; x_wconf 86' lang='lat' dir='ltr'>certaretur.</span> <span class='ocrx_word' id='word_1_184' title='bbox 614 2514 737 2581; x_wconf 87' lang='lat' dir='ltr'>(Lefeb.)</span> <span class='ocrx_word' id='word_1_185' title='bbox 758 2514 874 2585; x_wconf 87' lang='lat' dir='ltr'>Vulgata</span> 
     </span>
     <span class='ocr_line' id='line_1_27' title="bbox 67 2597 874 2669; baseline 0.006 -21"><span class='ocrx_word' id='word_1_186' title='bbox 67 2607 138 2649; x_wconf 88' lang='lat' dir='ltr'>certe</span> <span class='ocrx_word' id='word_1_187' title='bbox 167 2597 298 2666; x_wconf 88' lang='lat' dir='ltr'>scriptura</span> <span class='ocrx_word' id='word_1_188' title='bbox 317 2599 400 2651; x_wconf 82' lang='lat' dir='ltr'>acrius</span> <span class='ocrx_word' id='word_1_189' title='bbox 415 2598 481 2651; x_wconf 89' lang='lat' dir='ltr'>vitio</span> <span class='ocrx_word' id='word_1_190' title='bbox 499 2600 612 2665; x_wconf 89' lang='lat' dir='ltr'>laborat,</span> <span class='ocrx_word' id='word_1_191' title='bbox 635 2603 661 2653; x_wconf 91' lang='lat' dir='ltr'>in</span> <span class='ocrx_word' id='word_1_192' title='bbox 686 2618 765 2669; x_wconf 85' lang='lat' dir='ltr'>quam</span> <span class='ocrx_word' id='word_1_193' title='bbox 785 2611 874 2653; x_wconf 89' lang='lat' dir='ltr'>tamen</span> 
     </span>
     <span class='ocr_line' id='line_1_28' title="bbox 67 2684 873 2760; baseline 0.007 -24"><span class='ocrx_word' id='word_1_194' title='bbox 67 2700 162 2736; x_wconf 92' lang='lat' dir='ltr'>omnes</span> <span class='ocrx_word' id='word_1_195' title='bbox 173 2684 236 2737; x_wconf 90' lang='lat' dir='ltr'>libri</span> <span class='ocrx_word' id='word_1_196' title='bbox 248 2695 274 2737; x_wconf 90' lang='lat' dir='ltr'>et</span> <span class='ocrx_word' id='word_1_197' title='bbox 288 2686 378 2755; x_wconf 87' lang='lat' dir='ltr'>scripti</span> <span class='ocrx_word' id='word_1_198' title='bbox 394 2697 421 2740; x_wconf 88' lang='lat' dir='ltr'>et</span> <span class='ocrx_word' id='word_1_199' title='bbox 435 2689 498 2740; x_wconf 90' lang='lat' dir='ltr'>editi</span> <span class='ocrx_word' id='word_1_200' title='bbox 514 2690 677 2760; x_wconf 85' lang='lat' dir='ltr'>conspirant.</span> <span class='ocrx_word' id='word_1_201' title='bbox 708 2690 812 2742; x_wconf 90' lang='lat' dir='ltr'>Deinde</span> <span class='ocrx_word' id='word_1_202' title='bbox 830 2700 873 2742; x_wconf 90' lang='lat' dir='ltr'>re-</span> 
     </span>
     <span class='ocr_line' id='line_1_29' title="bbox 69 2775 876 2850; baseline 0.006 -25"><span class='ocrx_word' id='word_1_203' title='bbox 69 2781 138 2843; x_wconf 85' lang='lat' dir='ltr'>pone</span> <span class='ocrx_word' id='word_1_204' title='bbox 166 2775 237 2845; x_wconf 76' lang='lat' dir='ltr'>quim</span> <span class='ocrx_word' id='word_1_205' title='bbox 265 2791 315 2844; x_wconf 88' lang='lat' dir='ltr'>pro</span> <span class='ocrx_word' id='word_1_206' title='bbox 335 2794 391 2846; x_wconf 83' lang='lat' dir='ltr'>qua.</span> <span class='ocrx_word' id='word_1_207' title='bbox 430 2777 516 2831; x_wconf 86' lang='lat' dir='ltr'>Error</span> <span class='ocrx_word' id='word_1_208' title='bbox 535 2779 661 2850; x_wconf 88' lang='lat' dir='ltr'>frequens</span> <span class='ocrx_word' id='word_1_209' title='bbox 684 2780 711 2832; x_wconf 94' lang='lat' dir='ltr'>in</span> <span class='ocrx_word' id='word_1_210' title='bbox 734 2778 876 2850; x_wconf 85' lang='lat' dir='ltr'>scriptise</span> 
     </span>
     <span class='ocr_line' id='line_1_30' title="bbox 69 2868 174 2918; baseline 0.029 -5"><span class='ocrx_word' id='word_1_211' title='bbox 69 2868 174 2918; x_wconf 67' lang='lat' dir='ltr'>notai.</span> 
     </span>
    </p>

    <p class='ocr_par' dir='ltr' id='par_1_9' title="bbox 107 2949 511 3006">
     <span class='ocr_line' id='line_1_31' title="bbox 107 2949 511 3006; baseline 0.01 -4"><span class='ocrx_word' id='word_1_212' title='bbox 107 2967 181 3006; x_wconf 73' lang='lat' dir='ltr'>vor..</span> <span class='ocrx_word' id='word_1_213' title='bbox 199 2968 232 3004; x_wconf 90' lang='lat'>11.</span> <span class='ocrx_word' id='word_1_214' title='bbox 493 2949 511 3006; x_wconf 76' lang='lat' dir='ltr'>n</span> 
     </span>
    </p>
   </div>
   <div class='ocr_carea' id='block_1_3' title="bbox 0 0 1022 3450">
    <p class='ocr_par' dir='ltr' id='par_1_10' title="bbox 0 0 1022 3450">
     <span class='ocr_line' id='line_1_32' title="bbox 0 0 1022 3450; baseline 0 0"><span class='ocrx_word' id='word_1_215' title='bbox 0 0 1022 3450; x_wconf 95' lang='lat' dir='ltr'> </span> 
     </span>
    </p>
   </div>
  </div>
 </body>
</html>
