2010 3450
140 277 173 340 98
340 278 431 321 tutti
451 277 521 317 xm.
557 277 752 331 tum-5331

142 390 203 457 Jam
215 396 270 451 tua,
283 386 371 454 deque
381 384 434 437 tuis
446 381 588 455 pendentia
600 381 727 435 Dardana
739 381 811 437 fatis.

146 479 268 544 Namque
280 474 329 528 tibi
341 488 422 526 cerno
433 480 607 543 properatum
619 471 728 524 oracula
740 471 807 526 vitre

150 563 221 616 Hinc
232 570 330 632 petere,
342 570 370 613 et
381 559 480 630 patrios
491 559 552 612 visu
563 557 718 629 contingere
730 575 832 614 matres.

151 649 289 703 Armifero
301 649 388 703 victor
398 657 502 717 patrem
515 646 648 701 ulcisceris
660 648 752 714 Ibero,

59 784 66 795 ,
152 737 279 790 Creditus
290 747 350 789 ante
361 752 445 788 annos
457 734 554 799 Marti,
565 733 692 803 ferroque
703 734 821 788 resolves

152 826 260 880 Gaudia
273 826 428 888 Poenorum,
439 834 465 876 et
476 823 588 876 missum
599 823 725 879 laetabere
735 823 810 877 bello

151 915 249 977 Omen,
262 912 389 966 Iberiacis
401 912 472 965 victa
484 911 651 982 Karthagine
662 912 750 966 terris.

152 1005 246 1070 Majus
258 1003 292 1056 ad
305 1001 448 1072 imperium
458 988 570 1070 posthac
581 1000 695 1070 capiere,
708 1017 758 1055 nec
769 1009 832 1056 ante
931 999 934 1005 ’

151 1091 257 1161 Jupiter
267 1089 375 1144 absistet
386 1105 460 1152 cura,
473 1105 555 1158 quarn
563 1096 657 1141 cuncta
669 1086 772 1159 fugarit

150 1181 184 1231 ln
197 1179 309 1248 Libyam
321 1177 402 1242 bella,
415 1186 443 1229 et
453 1176 616 1230 vincendum
629 1176 737 1230 duxerit
748 1177 804 1248 ipse

152 1266 291 1320 Sidonium
301 1265 351 1319 tibi
363 1276 504 1318 rectorem.
528 1265 615 1317 Pudet
627 1264 701 1318 urbis
713 1264 822 1334 iniquae,

155 1356 238 1432 Qud
250 1354 380 1425 posthaec
394 1354 476 1408 decus
487 1353 540 1406 hoc
552 1352 688 1424 patriaque
703 1353 840 1426 domoque
849 1355 963 1411 carebit.

155 1445 198 1498 Sic
209 1453 293 1508 vates,
305 1458 478 1513 gressumque
489 1440 563 1495 lacus
573 1443 696 1496 vertebat
707 1442 741 1494 ad
752 1452 835 1496 atros.

155 1534 231 1586 Tum
240 1531 358 1598 juvenis,
374 1533 550 1607 Qaecunque
562 1530 643 1584 datur
655 1548 712 1584 sors
723 1531 819 1586 durior
830 1533 895 1602 tevi,

155 1619 326 1683 Obnitemur,
339 1618 389 1672 ait:
407 1619 487 1689 culpa
499 1618 578 1671 modo
590 1629 700 1689 pectora
711 1630 823 1674 cessent.

154 1706 217 1771 Sed,
230 1714 255 1758 te
268 1722 325 1770 oro,
339 1705 458 1777 (quando
469 1705 532 1759 vitae
545 1705 594 1758 tibi
606 1722 698 1759 caussa
709 1706 815 1759 labores

156 1797 294 1849 Humanos
303 1793 404 1861 juvisse
416 1794 482 1862 fuit)
496 1794 568 1859 siste,
582 1794 672 1848 inclita
682 1795 772 1868 virgo,
796 1782 799 1787 ¹

157 1882 296 1952 Paulisper
305 1899 436 1953 gressum,
449 1893 476 1935 et
488 1883 564 1935 nobis
575 1884 719 1954 manesque
730 1883 858 1940 silentum

156 1972 301 2036 Enumera,
315 1972 467 2042 Stygiaeque
478 1971 551 2042 aperi
564 1970 714 2025 formidinis
725 1972 824 2026 aulam.

158 2059 266 2114 Annuit
275 2059 322 2112 illa
333 2059 456 2130 quidem:
475 2059 531 2124 sed,
545 2061 607 2113 Non
619 2059 735 2130 optanda
745 2060 863 2116 recludis

158 2147 262 2218 Regna,
272 2146 318 2199 ait.
328 2143 372 2200 hic
382 2147 504 2200 tenebras
513 2147 643 2212 habitant,
650 2147 792 2218 volitantq;
802 2151 967 2218 perumbras

158 2235 298 2287 innumeri
310 2234 446 2305 quondam
458 2235 560 2305 populi.
579 2236 677 2290 domus
687 2236 813 2291 omnibus
825 2255 891 2293 uua.

159 2325 191 2374 In
204 2322 291 2375 medio
303 2331 409 2375 vastum
422 2322 474 2375 iate
485 2324 608 2377 setendit
620 2324 712 2390 inane3

158 2412 229 2474 Huc,
244 2409 372 2480 quidquid
384 2421 472 2476 terrae,
486 2412 618 2483 quidquid
630 2413 708 2479 freta,
724 2424 751 2468 et
762 2414 858 2486 igneus
869 2432 916 2472 aer

157 2499 278 2552 Nutrivit
291 2498 378 2569 primo
391 2501 484 2554 mundi
500 2502 623 2571 genitalis
636 2504 669 2557 ab
683 2520 752 2568 aevo,

160 2587 253 2654 (Mors
264 2589 412 2640 communis
424 2589 492 2659 agit)
506 2589 671 2644 descendunt
679 2601 792 2647 cuncta:
809 2593 935 2666 capitque

160 2674 278 2746 Campus
290 2675 369 2741 iners,
382 2688 515 2746 quantum
526 2678 636 2745 interiit,
649 2690 785 2752 restatque
796 2681 932 2738 futurum.

160 2761 280 2832 Cingunt
292 2780 373 2833 regna
386 2763 478 2818 decem
490 2775 589 2836 portae:
606 2785 721 2839 quarum
732 2786 788 2824 uua
799 2781 920 2846 receptat

159 2849 316 2920 Belligeros,
329 2851 397 2904 dura
409 2852 524 2906 Gradivi
538 2865 608 2908 sorte
620 2864 733 2909 creatos.

155 2937 263 3005 Altera,
278 2938 326 3010 qui
339 2938 410 3011 leges
422 2957 535 3013 posuere
544 2947 624 3015 atque
637 2944 729 3001 inclita
736 2945 802 3011 jura
