2010 3450
296 249 387 289 um
406 248 461 290 xv.
497 250 525 289 r.
540 251 689 328 715-7q4.
851 242 897 307 s63

90 357 128 412 Ut
138 365 256 420 tonent,
268 362 299 407 ut
310 362 462 422 tempestae,
476 364 506 407 ut
518 353 626 408 flamme
638 354 741 410 oorusci

90 443 230 509 Fulminis,
243 451 274 496 ut
287 442 400 495 Boream
412 451 510 511 pontus
520 442 601 514 fugit,
614 453 643 496 ut
655 461 721 498 cave
731 453 845 498 currunt

88 532 199 596 Nubila,
213 547 276 584 cum
287 529 382 601 pelago
393 529 495 584 coelum
505 530 659 600 permiscuit
671 531 772 586 Eurus.

89 620 212 674 Procerae
223 615 338 683 stabant,
351 616 491 671 Celtarum
503 619 587 689 signa,
599 619 733 684 cohortes.

86 707 178 762 Prima
189 706 272 770 aciesa
289 705 339 759 hos
350 704 468 775 impulsu
478 722 617 776 cuneoque
628 707 710 764 feroci

88 797 175 851 Laxat
184 794 227 848 vis
239 792 336 858 subite,
348 804 375 847 et
387 794 470 847 fessos
481 811 573 848 errore
583 796 699 862 viarum,

87 887 145 941 Nec
156 883 206 938 soli
219 881 319 947 faciles,
332 882 460 954 longique
473 884 572 937 laboris
582 884 693 939 anhelos

87 971 200 1028 Avertit
211 969 314 1042 petrius
325 969 398 1042 genti
410 988 505 1040 pavor.
525 973 636 1027 Addere
647 983 723 1046 tergo

85 1062 184 1115 Hastae
196 1060 345 1126 Ausonius,
358 1059 466 1129 teloque
478 1059 576 1115 instare
589 1064 703 1130 sequaci,

86 1149 143 1204 Nec
154 1149 254 1202 donare
265 1145 368 1218 fugam.
381 1147 468 1201 ¹Cudit
476 1165 531 1201 uno
542 1149 655 1204 vulnere
666 1153 807 1222 Thyrmis,

86 1239 149 1291 Non
160 1253 216 1293 uno
228 1234 396 1300 Rhodanum
414 1235 642 1309 profligatumque
654 1240 748 1310 sagitta

86 1325 193 1380 Lancea
200 1325 327 1380 deturbat
336 1324 490 1390 Morinum,
503 1337 530 1379 et
538 1328 713 1400 jamjamque
723 1331 871 1386 cadentem.

86 1415 220 1469 Cedentes
230 1423 318 1484 urget,
331 1423 401 1466 totas
413 1413 525 1484 largitus
537 1415 663 1482 habenae,

86 1503 182 1557 Livius
193 1519 255 1556 acer
264 1518 345 1572 equo,
358 1510 387 1554 et
396 1503 492 1554 turmis
502 1503 663 1558 abeuntibus
673 1504 755 1561 infert

86 1590 280 1662 Cornipedem.
299 1599 363 1644 tunc
374 1590 461 1643 aversi
473 1591 607 1663 turgentia
617 1592 687 1647 colla

86 1678 188 1751 Diripit
197 1695 260 1733 cnse
273 1679 372 1732 Mosae.
392 1680 522 1750 percussit
533 1682 651 1752 pondere
663 1693 763 1738 terram

84 1769 158 1822 Cum
167 1767 245 1840 galea
255 1783 289 1819 ex
300 1767 355 1820 alto
366 1767 472 1838 lapsum
484 1779 574 1838 caput,
586 1786 618 1823 ac
630 1771 788 1826 residentem

83 1855 227 1910 Turbatus
240 1852 327 1922 rapuit
336 1853 441 1924 sonipes
452 1852 479 1906 in
492 1854 587 1922 proelia
597 1866 734 1912 truncum.

83 1941 138 1996 llic
150 1941 220 1995 Cato
232 1943 308 2009 (nam
321 1941 409 1994 medio
420 1941 544 1994 vibrabat
555 1953 582 1994 et
592 1942 649 2014 ipre
658 1945 791 2014 tumultu)

84 2030 121 2096 si,
135 2028 244 2100 primas,
259 2028 355 2098 inquit,
368 2028 441 2083 bello
452 2046 516 2084 cum
524 2030 660 2085 amicimus
672 2032 768 2104 Alpes,

83 2117 136 2173 fflc
144 2115 240 2185 juveni
252 2115 391 2187 oppositus
402 2116 491 2188 Tyrio
503 2115 573 2170 foret
585 2138 592 2170 s
613 2117 656 2172 hei
667 2119 746 2173 mihil
766 2131 866 2193 quanta

83 2205 205 2261 Cessavit
218 2205 295 2259 latio
307 2205 413 2271 dextra,
427 2215 454 2258 et
466 2214 533 2275 quot
545 2204 640 2259 funera
652 2206 742 2263 Ptenis

83 2293 231 2350 Donimnt
242 2294 320 2365 pravi
332 2294 458 2365 suffragia
467 2292 553 2347 tristia
563 2292 662 2366 campi!

82 2386 196 2454 Jamque
207 2382 374 2437 inclinabant
384 2383 462 2448 acics,
475 2383 630 2452 cunctisque
643 2399 771 2454 pavorem

82 2471 228 2526 Gallorum
239 2471 364 2525 indueret
376 2487 470 2540 pavor,
487 2483 513 2525 et
527 2475 646 2527 Fortuna
657 2472 753 2529 ruebat

82 2560 202 2615 Sidonis:
221 2559 257 2612 ad
268 2560 388 2613 Rutulos
399 2558 519 2615 Victoria
529 2571 648 2616 verterat
658 2560 723 2616 alas.

82 2647 188 2713 Celsus,
202 2664 252 2702 ceu
264 2646 351 2718 prima
362 2647 550 2702 reflorescente
558 2649 682 2713 juventa,

81 2735 141 2788 Ibat
153 2734 267 2802 Consul,
280 2751 366 2788 ovans
378 2735 463 2802 major
475 2735 613 2806 nujorque
624 2735 721 2790 videri.

82 2823 160 2889 Ecce,
174 2823 283 2878 trahens
294 2839 386 2877 serum
396 2834 536 2878 canentem
545 2824 657 2895 pulvere
668 2834 796 2894 turnum,

84 2911 188 2970 Ductor
199 2912 363 2983 Agenoreus
374 2910 456 2980 subit,
468 2910 676 2983 intorquensque
687 2910 791 2968 lacertis
