2010 3450
68 304 73 313 ,
114 259 164 307 214
313 253 403 295 nisae
421 252 499 292 xvir.
533 252 563 290 v.
577 241 726 308 ⁵⁶9·5⁹9·

113 360 245 425 Vertitur,
258 377 289 414 ac
301 358 374 412 silvis
385 357 474 412 subito
486 356 606 426 procedit
616 355 716 426 opacis,

116 447 209 517 'Atque
220 447 262 501 his
271 446 418 516 alloquitur
429 455 582 498 versantem
592 444 709 516 ingloria
717 443 787 497 fatae

118 539 253 609 Qaen'am
264 544 291 588 te
302 534 375 588 silvis
385 534 511 587 accedere
522 549 613 586 caussa
626 531 730 602 subegit

116 623 263 675 Armatum
275 621 387 675 nostris?
407 637 472 674 num
483 620 551 673 dura
561 619 596 672 ad
608 619 703 689 proelia
714 618 812 684 tendis,

117 711 235 786 Magnus
245 709 292 762 ubi
305 709 434 763 Ausoniae
445 708 561 776 reliquos
572 709 663 762 domat
675 708 811 765 Hannibal
822 708 915 764 armisl

118 797 145 848 Si
157 796 237 848 velox
248 797 348 867 gaudes
359 797 408 861 ire,
421 807 448 850 et
459 798 616 868 compendia
627 808 703 868 grata

119 884 187 935 Sunt
198 881 256 948 tibi,
268 884 356 937 vicino
368 883 396 937 in
408 884 510 938 medios
520 895 545 938 te
558 886 663 939 tramite
673 885 782 939 diuam.

118 970 236 1034 Annuit,
247 975 325 1038 atque
336 981 429 1025 onerat
440 971 574 1042 promissis
584 982 693 1040 pectora
702 971 787 1042 largis

119 1059 232 1124 Pastori,
245 1061 387 1130 Patresque
399 1062 477 1115 docet
489 1060 662 1131 Karthaginis
674 1060 736 1114 altae

120 1148 222 1218 Magna
234 1166 401 1219 repensuros,
415 1168 465 1204 nec
477 1167 502 1203 se
514 1149 615 1204 leviora
626 1151 765 1204 daturum.

120 1235 287 1306 Praecipitem
297 1248 323 1291 et
335 1249 411 1291 vasto
420 1249 589 1308 superantem
597 1238 721 1308 proxima
732 1239 803 1293 saltu

122 1323 286 1395 Circumagit
296 1328 379 1394 Juno,
391 1337 427 1391 et,
441 1326 536 1380 fallens
548 1327 656 1397 regione
667 1327 785 1394 viarum,

120 1413 182 1466 Non
194 1424 298 1483 gratam
308 1414 392 1468 invito
404 1426 492 1469 servat
504 1414 588 1470 celata
599 1415 721 1470 salutem.

120 1501 226 1554 Interea
238 1501 355 1556 Cadmea
362 1520 466 1568 manus,
478 1503 582 1558 deserta
592 1521 755 1575 pavensque,

121 1591 183 1642 Non
196 1590 284 1644 ullum
294 1590 481 1656 Hannibalem,
496 1609 626 1662 nusquam
637 1593 785 1647 certamina
794 1592 876 1648 cernit

123 1676 192 1729 Saevi
205 1668 270 1730 nota
278 1678 362 1732 ducis.
383 1696 446 1748 pars
457 1679 531 1732 ferro
541 1680 700 1741 occumbere
711 1681 838 1745 eredunt,

122 1765 186 1818 Pars
197 1765 335 1820 damnasse
347 1767 440 1832 aciem,
453 1777 481 1819 et
493 1767 599 1836 Superis
607 1767 713 1820 cessisse
726 1767 849 1821 sinistris.

121 1857 228 1926 ingruit
240 1856 387 1920 Ausonius,
401 1871 545 1925 versosque
557 1855 611 1926 agit
624 1872 730 1922 aequore
742 1867 801 1909 toto

120 1945 230 2008 Rector,
241 1945 349 2012 jamque
361 1944 424 2014 ipm
434 1942 568 2012 trepidant
581 1942 754 2014 Karthaginis
765 1960 848 1999 arces.
915 1976 917 1980 ·

120 2032 252 2102 Impletur
263 2044 363 2085 terrore
374 2049 444 2102 vago
453 2040 550 2085 cuncta
560 2030 656 2084 Africa
667 2030 753 2101 pulsis

121 2118 294 2188 Agminibus,
307 2117 464 2188 volucrique
476 2118 540 2188 fuga
551 2118 606 2170 sine
618 2134 694 2170 more
706 2126 813 2177 ruentes

120 2207 250 2259 Tendunt
260 2206 386 2259 attonitos
398 2216 519 2280 extrema
528 2207 563 2260 ad
573 2207 652 2260 litora
662 2223 768 2272 cursus,
838 2195 840 2200 ’

121 2296 164 2348 Ac
172 2294 356 2369 ‚Tartessiacas
367 2294 475 2367 profugi
488 2306 650 2366 sparguntur
661 2294 688 2348 in
702 2312 774 2348 oras.

120 2382 184 2434 Pars
195 2381 265 2435 Batti
277 2381 375 2452 petiere
386 2383 490 2447 domos,
503 2400 564 2454 pars
577 2383 689 2437 flumina
699 2383 776 2454 Lagi.

119 2470 161 2522 Sic
173 2470 229 2534 ubi,
242 2472 270 2523 vi
281 2487 351 2525 caeca
362 2472 470 2525 tandem
481 2473 612 2536 devictus,
626 2472 661 2525 ad
671 2481 744 2525 astra

119 2558 249 2610 Evomuit
260 2569 349 2629 pastos
361 2577 410 2630 per
423 2559 510 2614 secula
522 2559 637 2614 Vesbius
648 2560 733 2631 ignes,

121 2645 157 2696 Et
169 2644 262 2716 pelago
274 2658 301 2698 et
312 2647 391 2700 terris
402 2647 462 2701 fusa
472 2658 512 2700 est
524 2646 655 2701 Vulcania
665 2648 756 2718 pestis,

120 2733 218 2786 Videre
229 2734 279 2787 Eoi
292 2739 457 2805 (monstrum
466 2735 621 2790 admirabile
629 2737 652 2803 l)
667 2738 744 2790 Seres

117 2820 261 2891 Lanigeros
271 2823 361 2877 cinere
372 2825 495 2878 Ausonio
505 2840 642 2879 canescere
654 2823 742 2877 lucos.

117 2910 159 2961 At
172 2911 270 2963 fessum
282 2913 388 2966 tumulo
399 2915 508 2967 tandem
520 2913 611 2984 regina
623 2911 777 2984 propinquo-

115 2996 189 3052 Sistit
200 3000 272 3067 Juno
284 3000 391 3067 ducem,
405 3001 484 3056 facies
496 3001 568 3056 unde
582 3001 681 3069 omnis,
691 3012 720 3055 et
731 3011 799 3056 atrae
