2010 3450
469 279 576 320 Now.
876 286 923 336 147

115 385 169 441 Ed.
184 386 274 440 Parin.

181 474 302 546 Magnana
309 483 382 545 alque
389 471 416 526 in
426 474 522 544 magnis
526 474 630 544 positam
636 474 776 546 populisque
783 475 889 548 viresque

183 565 317 618 Adversum
327 573 444 616 ostentare
446 562 548 634 fidem?

113 653 201 707 Drak.

182 740 300 813 Magnum
311 740 391 811 ulique
402 740 427 792 e'n
436 741 531 812 magnis
541 741 609 794 rebus
617 742 795 814 populisque
767 743 873 835 verisque
985 730 986 733 Ἴ

181 828 298 882 Adversis
308 827 544 898 servarefidem.

112 920 208 972 Burm.
226 927 253 971 et
273 915 366 971 Heins.
380 932 396 968 e
416 915 521 986 scriptis
541 917 690 984 discedunt,
710 918 798 972 varias
819 929 918 973 temere

109 1008 278 1074 conjecturas
294 1004 565 1077 proferentes-Nos
575 1023 639 1059 cum
650 1006 746 1060 Leleb.
760 1024 849 1077 presse
862 1007 918 1061 Co-

111 1097 184 1152 dices
192 1090 304 1165 scriptos
316 1104 343 1148 et
355 1093 439 1146 editos
453 1093 599 1164 sequimur,
613 1093 726 1165 legendo

179 1185 297 1255 lingnam
308 1183 413 1256 atquem
424 1183 520 1255 magnis
527 1182 631 1252 positam
637 1183 816 1254 populisque
786 1185 894 1256 verisque

179 1272 314 1326 Adversum
325 1281 443 1324 ostentare
443 1269 539 1342 fidem

108 1359 279 1430 Intellige-‘
292 1362 339 1413 An
358 1358 504 1413 ostendetis
526 1360 666 1413 adversam
683 1358 764 1413 fidem
776 1359 916 1426 Romanis,

109 1468 170 1519 quae
186 1449 251 1502 fides
271 1465 369 1518 magna
386 1458 436 1512 est,
460 1458 539 1517 atque
560 1449 587 1502 in
600 1448 704 1520 magnis
715 1449 800 1520 posita
812 1465 916 1519 semper

107 1537 160 1591 fuit
177 1537 248 1590 inter
259 1537 388 1608 privatos,
401 1547 429 1589 et
441 1536 512 1589 inter
523 1537 592 1607 ipsas
603 1554 695 1591 omnes
705 1536 820 1610 gentes'
839 1537 913 1592 Idio-

107 1626 202 1678 tismus
221 1626 247 1678 in
260 1625 355 1697 mugnis
365 1626 426 1693 poni
441 1634 481 1679 est
500 1624 528 1678 in
552 1624 691 1680 Cicerone.
723 1627 766 1681 Sic
781 1627 809 1679 in
827 1626 914 1680 Plinio

103 1714 163 1783 poni
173 1713 199 1765 iu
210 1712 370 1776 adneirandis,
390 1722 416 1764 et
428 1710 481 1764 aliu
498 1711 524 1764 id
536 1727 621 1782 genus
633 1712 728 1767 multa.
759 1714 817 1768 Nec
831 1713 915 1785 inagis

106 1800 206 1855 mirum
213 1818 327 1872 magnam
338 1810 409 1871 alque
420 1800 446 1852 in
457 1801 561 1872 magnes
581 1818 663 1870 quam
673 1801 699 1854 in
711 1801 836 1857 Lucretio
846 1822 912 1875 gra·

105 1891 171 1944 viter
181 1889 267 1959 magni
275 1906 372 1961 magno,
392 1905 441 1958 per
451 1888 600 1959 emphasin.

142 1993 202 2043 177·
222 1976 279 2047 quo]
298 1974 413 2047 Corrige
424 1983 455 2028 ut
464 1977 498 2028 sit
506 1994 571 2048 quos.
591 1986 651 2030 tum
667 1976 776 2032 fortasse
793 1988 857 2031 nota
867 1977 909 2032 in-

104 2075 207 2136 terrog.
219 2074 280 2135 post
292 2066 363 2116 sorios
372 2064 496 2134 ponenda
507 2075 556 2117 est.

140 2172 200 2225 ¹90·
212 2152 347 2224 jungebat]
366 2153 463 2223 scripti
478 2164 504 2207 et
517 2153 570 2205 Ed.
589 2153 684 2222 Pomp.
716 2154 758 2208 Sic
776 2170 838 2206 mox
850 2156 909 2208 ade·

103 2239 280 2296 eat.—Drak.
297 2239 445 2337 jungebqnt,
466 2249 494 2291 et
516 2239 621 2294 aderant
643 2255 708 2292 cum
726 2239 907 2296 Edd.Par1n.

102 2327 182 2383 Med.
192 2338 220 2379 et
231 2326 354 2379 Romana
366 2325 496 2397 principe.

137 2433 197 2471 κιο.
207 2412 331 2485 ferentes]
345 2414 387 2466 Sic
400 2413 492 2470 Barth.
507 2430 570 2467 curn
579 2414 621 2469 ed.
638 2412 746 2484 Grypn
761 2413 906 2483 nonferen·

100 2505 141 2568 eis,
152 2504 213 2558 lect.
224 2501 314 2572 script
318 2500 513 2572 -Intellige‚‘
523 2500 624 2554 Decius
635 2515 743 2554 omnem
750 2499 937 2555 Hannibalis

101 2590 250 2645 exercitum
259 2587 424 2659 spernebat.

136 2696 197 2743 241.
215 2679 381 2751 magnanimo]
400 2678 442 2733 Sic
462 2677 538 2750 vulg.
563 2686 591 2732 et
615 2685 697 2741 recte,
723 2672 753 2728 ni
774 2671 903 2732 fallimur.

98 2766 200 2821 ironice
214 2766 327 2821 dictum.
360 2767 394 2820 C.
408 2766 483 2820 Tell.
497 2783 561 2820 cum
573 2763 735 2834 quibusdam
745 2760 822 2817 editis
833 2781 903 2841 mag-

98 2857 193 2911 nanim
203 2873 225 2907 0.
246 2855 339 2908 Heins.
360 2855 520 2928 magnanime,
539 2856 556 2911 i.
574 2851 710 2918 Bentlejus

169 2945 328 3018 Magnam'nw
335 2945 400 3000 mles
407 2944 515 3012 meritas,
527 2945 548 3012 i,
561 2953 623 2998 necte
633 2951 737 2998 calenas.
