2010 3450
314 275 403 322 usn
422 275 468 321 ιι.
487 279 533 320 ·v.
548 269 696 334 ars-⁶264.
872 279 907 338 'tt

100 380 220 446 Fulcire,
229 390 260 435 et
272 393 398 438 revocare
410 401 487 455 paras
498 383 628 453 afunere,
641 387 773 441 Romami

100 473 127 524 0
138 473 263 525 demensi
283 488 328 538 en,
341 474 386 542 qui
399 472 504 528 Divdm
516 475 582 529 mihi
595 482 707 530 munera
717 486 791 530 tanta

99 562 219 632 Eripiat,
237 561 322 616 Decio
334 578 443 633 prorsus
454 565 581 618 servabar
592 564 671 620 inerti

99 651 267 716 Vincendus,
281 651 365 706 Decio
377 651 489 718 imbelli,
500 653 544 707 cui
556 651 655 707 femina
666 652 752 720 nulla,

99 745 169 798 Orta
179 744 207 798 in
220 744 370 814 Agenoreis
382 753 481 797 nostrae
493 743 668 814 Karthaginis
677 743 742 807 oris,

100 832 217 887 Cesserit
226 831 313 890 :huic
324 833 449 904 agedum,
464 835 540 902 (nam
551 848 602 885 cur
612 831 722 903 indigna
734 827 881 898 feramusi)

99 921 277 992 Magnanimo
286 919 362 975 miles
373 919 482 975 meritas
492 919 596 973 innecte
607 928 735 982 catenas..

100 1012 215 1074 Dixerat
226 1011 301 1066 haec:
322 1011 437 1065 necdum
448 1009 530 1064 finem
541 1010 661 1066 convicia
672 1011 780 1066 ndrant.
892 1026 895 1036 ’

99 1100 186 1172 [Cum
198 1099 255 1156 seta
266 1116 332 1171 gens
342 1100 418 1154 Decii
429 1100 561 1156 constanti
574 1111 681 1172 pectore
692 1119 791 1173 corpus

98 1189 218 1254 Invadit,
231 1188 368 1259 vincitque
379 1204 474 1244 manus
486 1199 546 1259 post
555 1198 630 1260 terga
642 1189 767 1263 catenis]

97 1277 283 1339 illatusvelut
290 1277 418 1331 armentis
430 1293 511 1347 super
521 1276 606 1332 ardua
615 1277 688 1334 coila

99 1367 171 1441 Cum
183 1381 239 1418 sese
251 1364 388 1434 imposuit,
401 1364 541 1433 victorque
552 1364 669 1421 immane
680 1367 730 1421 sub
742 1366 782 1421 ira
890 1387 896 1414 ·.

98 1453 243 1520 Infremuit
252 1453 305 1518 leo,
318 1462 345 1507 et
355 1453 486 1508 immersis
497 1454 587 1526 gravis
599 1456 735 1528 unguibus
746 1455 833 1521 haesit,

98 1544 208 1599 Mandit
219 1544 389 1598 anhelantem
396 1545 514 1613 pendens
525 1545 629 1599 cervice
638 1545 798 1611 juvencum.
850 1531 852 1538 ’
896 1568 899 1574 ·

99 1634 139 1685 At
148 1632 259 1696 Decius,
271 1632 338 1686 dum
349 1631 439 1684 vincla
450 1631 544 1703 ligant,
557 1633 641 1686 Necte
653 1632 737 1697 ocius,
750 1631 849 1703 inquit,
888 1641 901 1666 .-

100 1724 183 1791 (Nam
195 1721 231 1774 sic
243 1719 422 1774 Hannibalem
433 1719 508 1774 decet
517 1719 670 1788 intravisse)
682 1730 798 1786 catenas,
894 1725 896 1730 ’

99 1811 218 1865 Foederis
228 1809 338 1864 infausti
349 1809 476 1880 pretium.
497 1810 539 1865 Sic
550 1810 658 1864 victima
670 1825 780 1880 prorsus

100 1899 188 1970 Digna
198 1899 275 1952 cadat
289 1896 398 1951 Decius.
418 1913 466 1951 nec
478 1897 550 1951 enim
562 1908 597 1963 te,
611 1897 738 1969 sanguine
750 1897 845 1953 laetum

99 1989 235 2051 Humano,
248 1984 281 2039 sit
292 1985 333 2039 fas
342 1985 418 2040 caesis
430 1984 548 2057 placdsse
557 1985 689 2053 juvencis.

98 2075 139 2129 En
151 2077 261 2130 dextra!
282 2091 316 2128 en
329 2073 433 2129 foedus!
451 2076 580 2130 Nondum
592 2074 640 2128 tibi
652 2074 746 2140 Curia,
758 2073 875 2128 necdum

97 2161 279 2233 Templorum
290 2161 382 2214 intrati
395 2171 497 2232 postes:
514 2162 572 2228 jam
583 2161 711 2232 panditur
723 2159 778 2216 acri

98 2249 216 2319 Imperio
227 2265 328 2303 carcer.
348 2248 443 2319 Perge,
462 2265 492 2303 ac
504 2248 651 2319 primqrdia
661 2258 736 2303 tanta

98 2335 249 2391 Accumula
260 2334 369 2406 paribus
381 2335 467 2388 factis.
486 2335 561 2388 Mihi
573 2336 646 2391 fama
656 2337 706 2390 sub
717 2337 827 2391 umbras
892 2345 896 2397 ἶ

97 2423 138 2477 Te
150 2423 219 2485 feret
229 2439 388 2495 oppressum
400 2423 501 2494 Capuae
512 2425 637 2485 cecidisse
648 2425 742 2480 ruinis.

97 2513 152 2568 Nec
163 2512 243 2583 plura
253 2512 330 2566 effari
341 2514 506 2566 concessum.
524 2513 684 2567 Obnubitur
694 2522 753 2569 atra

96 2600 175 2656 Veste
186 2611 278 2672 caput,
291 2599 460 2670 trahiturque
471 2599 549 2654 ferox
561 2610 623 2655 ante
633 2619 682 2656 ora
693 2619 815 2658 suorum.

97 2689 166 2744 Exin
178 2690 267 2745 victor
278 2706 362 2743 ovans
373 2689 464 2743 sedato
476 2679 583 2760 pectore
594 2691 706 2750 tandem

98 2775 250 2844 spectandis
261 2776 337 2833 urbis
348 2777 425 2830 tectis
436 2776 594 2847 templisque
605 2794 713 2833 serenos

98 2863 356 2930 Laetuscircumfert
366 2863 469 2930 oculos,
481 2876 509 2918 et
521 2864 624 2937 singula
634 2859 727 2925 discite
901 2937 907 2942 ss

98 2954 164 3030 Qis
175 2955 261 3024 muris
273 2962 356 3020 sator,
370 2963 398 3013 et
408 2954 495 3026 pubes
507 2952 539 3008 sit
551 2965 651 3024 quanta
662 2956 713 3013 sub
725 2958 818 3030 armis,
