2010 3450
91 239 121 302 9⁸
281 242 372 284 usu
389 242 469 283 xvir.
504 242 535 283 v.
548 234 679 297 85-114.

81 352 189 415 Ductor,
199 366 261 404 nam
273 348 367 402 surdas
378 349 477 414 conjux
488 348 662 402 obstruxerat
673 364 763 403 aures.

75 438 160 510 Ergo,
172 454 250 508 asper
262 437 368 490 monitis
380 436 482 490 frustra
493 436 649 502 nitentibus,
662 453 739 491 enses

76 527 212 591 Advocat,
224 535 261 591 et,
272 534 355 578 castas
366 524 463 595 polluti
476 523 584 578 foederis
593 543 652 579 aras

77 615 215 678 Testatus,
229 613 303 666 varia
315 613 434 666 Martem
448 623 538 666 movet
549 612 663 684 impiger
672 624 741 667 arte.

81 701 186 765 Castra,
199 701 253 753 levi
265 700 370 754 calamo
379 716 517 770 cannaque
528 700 631 754 intexta
641 699 765 769 palustri,

79 788 176 864 Qalia
188 790 303 841 Maurus
314 797 385 840 amat
396 787 514 857 dispersa
526 788 640 858 mapalia
650 798 751 859 pastor,

77 875 256 946 Aggreditur,
269 873 374 927 furtum
385 891 524 928 armorum
534 874 684 929 tutantibus
695 873 809 941 umbris,

79 966 124 1018 Ac
136 962 215 1017 tacita
228 963 327 1033 spargit
338 961 423 1015 celata
434 961 555 1016 incendia
566 973 654 1017 nocte⁴

80 1052 157 1114 Inde,
171 1050 216 1104 ubi
229 1048 335 1104 collecti
347 1049 468 1119 rapidam
478 1051 629 1105 diffundere
640 1059 744 1121 pestem

80 1140 229 1209 Coeperunt
239 1137 323 1209 ignes,
336 1148 363 1191 et
375 1155 403 1191 se
416 1155 465 1209 per
475 1136 586 1209 pinguia
598 1154 696 1209 magno

79 1225 182 1280 Pabula
193 1225 263 1278 serre
275 1242 348 1291 sono,
361 1225 433 1278 clare
444 1225 627 1295 exspatiantur
634 1226 662 1279 in
674 1242 762 1292 auras,

80 1315 116 1367 Et
127 1313 216 1367 frenos
227 1312 333 1366 volucri
344 1312 500 1385 propellunt
511 1312 611 1366 lumine
625 1313 753 1367 flamma.
784 1321 788 1327 ’

79 1403 106 1453 It
118 1400 181 1454 totis
192 1399 298 1454 inimica
309 1399 366 1454 lues
377 1417 440 1454 cum
451 1398 559 1452 turbine
568 1399 671 1464 castris,

83 1490 176 1556 Atque
187 1488 312 1542 alimenta
323 1499 401 1542 vorat
413 1489 527 1560 strepitu
536 1489 676 1544 Vulcanus
686 1489 785 1545 anbelo

84 1577 180 1642 Arida,
193 1587 265 1631 etex
278 1578 351 1630 omni
364 1587 471 1632 manant
482 1578 604 1632 incendia
615 1589 695 1633 tecto.

81 1665 201 1719 Sentitur
213 1665 344 1736 plerisque
356 1667 439 1737 prius,
453 1683 535 1737 quam
545 1666 674 1732 cernitur,
686 1665 754 1738 ignis

83 1754 187 1808 Excitis
200 1773 303 1818 somno,
316 1755 517 1822 multorumque
529 1772 576 1808 ora
587 1765 733 1809 uocantum

83 1843 228 1897 Auxilium
240 1843 372 1897 invadunt
385 1844 511 1897 flammae.
531 1843 592 1896 fluit
604 1842 723 1914 undique
734 1841 820 1898 victor

82 1931 237 1998 Mulciber3
257 1940 284 1984 et
296 1931 395 2002 rapidis
405 1931 573 2002 amplexibus
584 1949 659 1985 arma
668 1930 796 2003 virosque
869 1947 874 1971 ’-

83 2017 217 2088 Corripit:
237 2018 356 2072 exundat
367 2018 457 2088 pestis,
468 2029 637 2090 semustaque
648 2029 736 2073 castra

84 2105 197 2159 Albenti
209 2106 323 2160 volitant
336 2121 385 2176 per
396 2105 488 2160 nubila
500 2123 606 2161 summa
614 2106 718 2161 favilla.

84 2195 172 2265 Ipsius
180 2194 279 2266 ingenti
292 2194 362 2266 regis
372 2195 487 2249 tentoria
498 2195 566 2249 saltu

83 2281 211 2352 Lugubre
223 2281 381 2352 increpitans
392 2283 444 2337 late
457 2281 632 2337 circumvolat
642 2282 739 2337 ardors

82 2368 272 2439 Hausissetque
284 2369 382 2436 virum,
395 2370 514 2441 trepidus
527 2369 557 2424 ni
568 2370 644 2424 clade
655 2371 761 2425 satelles

82 2455 106 2506 E
119 2472 212 2508 somno
223 2473 253 2509 ac
265 2455 353 2510 stratis
364 2456 493 2526 rapuisset
505 2457 590 2510 multa
602 2467 765 2527 precantem.

82 2543 195 2608 verum,
208 2544 255 2596 ubi
266 2561 330 2598 mox
339 2545 433 2611 juncto
447 2544 578 2598 sociarant
590 2561 686 2616 aggere
697 2545 768 2599 vires

82 2631 219 2701 Massylus
228 2633 381 2703 Tyriusque
393 2632 483 2698 duces,
495 2632 631 2704 accitaque
643 2650 727 2705 regno

82 2718 207 2772 Lenierat
219 2721 303 2788 pubes
314 2721 437 2775 infaustae
448 2720 563 2775 vulnera
572 2711 667 2786 noctis,

83 2806 138 2869 Ira,
151 2806 290 2876 pudorque
300 2808 409 2872 dabant,
421 2818 449 2862 et
460 2810 569 2876 conjux,
582 2809 676 2864 tertius
688 2809 766 2881 ignis,

81 2893 215 2947 Immanes
227 2894 344 2963 animos3
364 2896 505 2968 afflataque
517 2896 649 2954 barbarus
660 2913 709 2955 ora
