2010 3450
448 243 556 283 NOTAE.

99 350 191 403 Oxon.

172 437 240 490 Tunc
250 437 295 490 icte
304 436 389 508 species
400 455 471 491 num
481 454 511 490 ac
521 436 582 489 bella
594 435 721 508 magistro.

99 526 172 580 unde
187 525 280 602 Barth.
296 535 439 596 argutatur

173 614 240 668 Tunc
251 605 298 667 rito
307 625 358 684 spes
368 613 503 667 ornileront
516 616 557 683 (v.
571 613 729 684 emant)
743 632 774 666 ac
784 613 845 668 bella
853 634 906 670 na-

238 703 327 774 gistro.

101 791 200 846 Colon.
225 791 300 844 iniere
319 809 349 844 ac
367 790 568 845 bellu-numere
589 810 619 845 ac
641 791 712 846 bella.
732 792 903 847 Pus-Edu.

102 881 185 934 Rom.
200 890 227 932 et
238 879 318 931 Med.

172 969 239 1023 Tunc
249 970 303 1022 ictoe
312 969 396 1039 spea'es
404 987 474 1023 ruere
484 971 542 1023 acri
549 969 611 1023 bella
622 973 748 1043 nagr'stro.

102 1060 253 1112 Burmann.

170 1144 238 1197 Tunc
248 1145 293 1198 icti
301 1144 469 1214 speciefurere
479 1143 573 1215 infera
585 1143 648 1197 bella
657 1145 766 1199 ministri

170 1231 347 1285 cemirurtst.

100 1319 152 1373 Sed
171 1319 233 1372 satis
244 1319 277 1373 de
293 1320 410 1373 his-Si
423 1320 564 1374 nobiscum
576 1319 653 1390 legis,
667 1319 795 1391 intellige,
816 1327 825 1357 ⁸
838 1321 904 1376 Por-

100 1425 172 1473 sena,
184 1418 248 1462 tunc
259 1408 389 1479 effugiens
400 1409 513 1463 feliciter
525 1409 664 1462 ardentem
673 1408 799 1462 dextram
808 1411 906 1476 Mucii,

98 1495 220 1551 cernitur
233 1495 318 1566 specie
331 1495 377 1550 icti
388 1495 464 1550 finire
476 1495 558 1560 bella,
577 1496 628 1549 hoc
640 1495 777 1566 magistro,
794 1496 907 1552 docente

100 1600 137 1637 sc.
160 1582 224 1652 quid
239 1583 390 1636 timendum
400 1581 539 1637 habebat.'
567 1585 610 1637 De
627 1583 731 1655 origine
747 1585 814 1640 labis
826 1586 908 1654 hujus

99 1671 233 1725 videndus
245 1680 284 1723 est
298 1671 391 1724 Lefeb.

132 1777 195 1825 4¹3·
223 1759 325 1830 eloquio]
354 1758 395 1812 Sic
412 1759 523 1829 antiqui.
544 1761 657 1814 Frustra
676 1760 763 1814 Drak.
784 1762 907 1834 eloquiie

101 1849 158 1903 sola
170 1848 260 1902 Parni.

132 1955 194 2004 447.
208 1938 301 2008 Asisos]
309 1937 393 1990 Recte
400 1936 636 2008 Scaliger.-Aliis
644 1936 730 1991 Asilos.
744 1940 810 1993 Asili
815 1938 909 2010 popuii

99 2025 217 2082 initalia
237 2025 397 2097 geographis
411 2024 497 2095 ignoti
509 2034 581 2078 sunt·
602 2024 663 2078 vide
676 2025 770 2079 Lefeb.
786 2026 907 2081 Indicem

100 2114 338 2273 Giiffiuduaqu]
352 2179 440 2255 codd.
455 2200 515 2254 coi.
531 2199 605 2254 neu.
627 2199 908 2256 Assuroeannuua

98 2301 124 2344 et
145 2290 235 2342 invz'sa.
260 2288 361 2358 Accipe
383 2291 522 2355 (monente
543 2285 654 2353 Leseb.)
674 2287 746 2339 illusa
760 2303 813 2353 quo
829 2304 908 2341 sensu

98 2378 125 2431 in
139 2378 263 2447 Propert.
279 2378 318 2429 11.
334 2395 376 2443 32.
398 2386 523 2445 corrupta.
537 2384 565 2426 et
577 2374 605 2426 in
616 2373 756 2438 Terentio,
769 2373 908 2445 ludficatus

98 2484 132 2524 est
144 2471 273 2543 virginem.

133 2574 195 2624 477.
215 2556 327 2628 Fregenoe
339 2555 464 2617 Marsus3
484 2561 510 2604 et
531 2552 568 2605 ita
589 2550 762 2605 scribendum
776 2549 908 2616 judicavit

99 2643 256 2707 Cluverius,
270 2643 343 2711 quod
355 2642 382 2694 in
400 2640 578 2712 descriptione
591 2639 709 2691 Etruriae
728 2638 817 2691 minus
837 2648 907 2691 recte

98 2732 215 2805 Fregelloe
229 2734 303 2800 (quae
314 2729 478 2783 Volscorum
490 2728 555 2782 urbs
569 2729 623 2796 est)
632 2725 775 2780 memorari
786 2735 904 2796 possent.

98 2822 212 2894 Fregenae
223 2820 288 2872 item
301 2818 395 2872 Leseb.

132 2926 194 2975 505.
214 2906 339 2980 Phrygias
349 2907 445 2978 nenas]
465 2904 586 2976 Phrygios
592 2904 683 2976 frenos
700 2903 790 2974 scripti
802 2920 904 2961 omnes.

96 3007 123 3050 et
135 2996 171 3051 sic
180 2995 274 3050 Heins.
281 2995 371 3066 frenos
379 3012 429 3068 pro
437 2995 535 3065 inperio
542 2993 802 3067 accipiens-vulg.
819 3011 906 3049 crenus.
