2010 3450
127 275 159 334 μ
328 266 418 322 arasa
431 275 494 319 111.
517 276 559 318 'v.
573 268 726 335 gog-²394:

128 387 207 440 Nunc
219 384 307 439 aditus
319 384 425 450 lustrat,
437 383 539 439 clausas
551 402 622 439 nunc
633 384 743 455 cuspide
752 381 849 455 pulsat
927 388 929 395 '

129 472 230 527 Infesta
239 482 340 542 portas,
360 472 512 541 fruiturque
524 473 621 527 timore
633 482 790 544 paventum.

130 562 219 625 Nunc,
233 561 322 616 lentus
333 561 410 616 celsis
421 561 527 615 adstans
537 562 565 615 in
577 561 701 626 collibus,
714 561 798 615 intrat

130 651 234 704 Urbem
242 649 337 716 oculis,
349 650 479 722 discitque
490 649 573 715 locos,
584 667 741 721 caussasque
749 649 884 704 locortun.

132 743 177 796 Ac
188 742 287 812 legeret
297 739 356 792 visu
368 735 473 803 cuncta,
486 748 513 792 et
524 747 674 810 penetraret
685 739 713 791 iu
725 754 819 792 omnes

133 824 282 900 spectando
293 837 389 898 partes,
402 825 542 897 almagno
553 826 660 880 turbine
672 827 776 880 adesset

134 917 256 979 Fulvius,
269 915 340 969 haud
352 925 408 968 tota
421 915 522 986 Capuae
534 914 670 968 obsidione
682 912 785 968 relicta.

133 1005 208 1057 Tum
220 1003 329 1055 demum
337 1002 430 1055 castris
442 1011 544 1054 turmas
555 999 661 1055 inflexit
672 1010 794 1065 ovantes,

135 1091 264 1159 Spectata,
275 1088 381 1152 ductor,
396 1087 505 1141 satiatus
515 1097 624 1158 pectora
632 1087 730 1140 Roma.

138 1177 241 1247 Atque,
254 1173 302 1230 ubi
314 1193 368 1229 nox
379 1176 492 1246 depulsa
502 1177 575 1246 polo,
588 1175 727 1247 primaque
737 1175 857 1231 rubescit

134 1264 270 1336 lampade
278 1265 433 1335 Neptunus,
448 1274 609 1334 revocatque
621 1265 732 1318 Aurora
742 1263 859 1330 labores,
923 1262 927 1269 '

135 1353 262 1409 Effundit
269 1363 351 1424 rupto
363 1352 513 1423 persultans
523 1353 630 1424 agruim
639 1352 722 1417 vallo,

135 1440 172 1494 Et
185 1450 314 1509 quantum
324 1440 438 1495 clamare
449 1440 531 1506 valet,
545 1442 597 1496 Per
609 1440 725 1512 plurima
736 1451 835 1507 vestra,
921 1450 925 1455 '

135 1529 165 1580 0
174 1529 245 1594 socii,
260 1530 356 1583 decora
367 1539 393 1583 et
407 1546 495 1597 sacras
503 1530 532 1582 in
544 1530 670 1602 sangiune
682 1529 801 1596 dextras,

137 1619 220 1672 Vobis
232 1619 269 1672 ite
281 1635 368 1691 pares,
382 1629 408 1672 et
421 1628 526 1673 tantum
539 1619 636 1673 audete
648 1620 697 1674 sub
709 1620 802 1686 annis,

136 1707 941 1782 QantumRomatimet.Reliquamhancexscinditemolent3

135 1797 192 1860 Nil,
201 1796 274 1867 quod
283 1795 403 1861 vincatis,
418 1807 474 1849 toto
484 1797 594 1850 restabit
605 1797 632 1849 in
644 1798 719 1851 orbe.

135 1887 196 1940 Neu
205 1884 299 1956 populi
310 1902 359 1939 vos
372 1885 534 1956 Martigenae
545 1883 658 1938 tardaitit
669 1887 760 1956 orig03
846 1886 849 1891 '
882 1878 885 1887 ’

34 1996 40 2005 ·
136 1975 267 2027 Intratam
280 1976 414 2027 Senonum
426 1973 533 2042 capietis
545 1973 664 2027 millibus
676 1974 781 2039 urbem,

136 2063 330 2131 Assuetamque
341 2062 409 2132 capi.
429 2062 541 2115 fortasse
554 2062 694 2116 curulibus
705 2063 775 2128 altis,

137 2153 198 2218 Jam
210 2168 268 2216 vos,
281 2151 406 2221 exemplo
418 2167 589 2220 proavorum,
600 2151 634 2205 ad
646 2151 734 2214 nobile
747 2152 833 2205 letum

136 2239 299 2308 Exspectant
310 2241 343 2292 de
355 2256 430 2292 more
443 2255 526 2304 senes,
540 2239 675 2310 mortique
684 2250 824 2309 parantur.
923 2250 926 2254 '

136 2325 251 2379 Talibus
264 2327 326 2382 hinc
338 2329 450 2380 Poenus:
469 2327 513 2380 sed
526 2338 619 2382 contra
633 2329 762 2383 OEnotria
774 2330 860 2399 pubes

136 2417 198 2468 Non
210 2415 277 2468 ullas
288 2433 368 2470 voces
379 2416 454 2469 ducis
465 2427 511 2470 aut
523 2428 657 2487 praecepta
668 2417 788 2486 requirit.
883 2456 886 2460 -

138 2506 183 2556 Sat
195 2514 291 2557 matres
303 2505 449 2569 stimulant,
464 2505 581 2575 natique,
595 2516 622 2559 et
633 2521 694 2558 cara
705 2505 812 2575 supinas

135 2593 310 2646 Tendentum
322 2593 421 2662 palmas
433 2594 650 2664 lacrimantiaque
663 2611 711 2647 ora
722 2604 877 2662 parentum.

137 2682 280 2734 Ostentant
289 2700 395 2752 parvos,
408 2684 555 2755 vagituque
567 2683 646 2737 incita
659 2683 766 2752 pulsant

137 2769 228 2822 Corda
239 2770 338 2835 sinim,
352 2773 459 2826 armatis
469 2772 583 2842 infigunt
595 2771 686 2825 oscula
695 2769 810 2824 dextris,

137 2859 182 2908 Ire
194 2856 300 2921 volunt,
313 2869 339 2910 et
352 2876 401 2928 pro
413 2860 497 2912 muris
508 2874 644 2930 opponere
656 2857 731 2912 densi

139 2945 258 3012 Pectora,
267 2956 474 3019 respectantque
483 2950 554 3013 suos,
569 2947 717 3014 fletumque
726 2945 877 3001 resorbent-
