2010 3450
133 265 183 317 roo
331 272 421 314 sient
440 270 512 313 χιιι.
547 273 577 310 v.
592 273 746 326 ⁷44-77³··

132 380 197 434 Post
209 395 267 448 quae
281 377 380 432 Poenus
390 377 441 430 ait:
463 376 606 431 Decimum
618 377 700 431 modo
710 384 831 448 cuperat
840 394 941 435 annum

132 468 284 524 Excessisse
295 483 371 538 puer,
385 477 478 520 nostro
489 482 552 519 cum
562 465 635 519 bella
646 464 749 518 Latinis
804 498 807 505 ·

133 555 264 626 Concepit
273 555 364 621 jussu:
383 552 486 607 licitum
497 570 546 606 nec
558 551 651 606 fallere
664 551 751 605 Divos

131 644 240 712 Juratos
250 641 328 712 patri.
349 641 433 715 Qod
441 640 463 694 si
473 638 618 694 Iaurentia
629 647 716 693 vastat

132 733 212 786 Nunc
223 730 278 802 igni
291 725 382 801 regna,
395 739 422 782 et
431 729 561 800 Phrygias
573 745 616 782 res
626 738 733 782 vertere
741 736 840 794 tentat,

132 821 158 872 Ο
170 820 262 890 pietas,
276 836 294 872 o
304 829 395 873 sancta
407 817 483 882 fides,
496 836 513 871 o
526 834 591 871 vera
601 821 736 888 propago!

132 910 226 978 Atque
238 907 341 960 utinam
352 906 481 960 amissum
493 917 599 975 reparet
610 906 706 959 decusi
727 906 798 960 Inde
808 906 891 962 citato

132 995 226 1048 Celsus
236 995 292 1048 abit
303 1011 406 1065 gressu
419 994 557 1065 majorque
569 992 676 1046 recessit
687 993 788 1064 imgo.

132 1083 203 1137 Exin
215 1082 334 1152 designat
345 1091 430 1146 vates,
443 1080 488 1149 qui
497 1082 560 1146 jura
572 1083 623 1134 sub
633 1079 716 1135 arnus

132 1169 253 1224 Poscenti
265 1169 386 1223 dederint
397 1169 508 1240 populo,
521 1166 652 1237 primique
665 1167 760 1238 petitas

132 1257 294 1312 Miscuerint
303 1257 379 1311 Italis
391 1258 478 1310 Piraeo
490 1257 568 1311 litore
580 1256 664 1327 leges.

132 1347 263 1410 Laetatur,
278 1357 432 1417 spectatque
443 1345 536 1400 virdm
548 1345 704 1401 insatiabilis
715 1366 764 1402 ora

132 1435 230 1506 Scipio,
243 1445 270 1488 et
281 1434 397 1505 appellet
407 1445 535 1499 cunctos3
556 1433 585 1488 ni
594 1452 691 1506 magna
702 1436 827 1491 sacerdos

132 1523 286 1576 Admoneat
298 1525 386 1577 turbae
398 1523 562 1577 innumerae
582 1527 658 1602 Qot
671 1523 756 1578 millia
765 1535 827 1580 toto

133 1609 228 1664 Credis
239 1610 266 1663 in
278 1611 354 1675 orbe,
367 1626 445 1680 puer,
458 1610 558 1664 lustras
569 1611 635 1664 dum
647 1611 753 1683 singula
763 1613 837 1680 visu,

131 1698 306 1753 Descendisse
318 1698 425 1752 Erebo?
445 1698 520 1752 nullo
532 1716 585 1752 non
598 1709 719 1770 tempore
731 1701 873 1756 abundant

131 1787 297 1841 Umbrarum
308 1787 361 1841 huc
372 1787 462 1858 agitur
472 1797 587 1851 torrens,
601 1798 742 1858 vertatque
755 1792 846 1862 capaci

131 1875 251 1946 Agmina
262 1874 332 1927 mole
344 1874 463 1939 Charon,
475 1884 503 1928 et
516 1875 612 1928 sufficit
625 1875 749 1946 improba
760 1878 870 1948 puppis.

118 1962 273 2026 ’Post:haec,
284 1962 424 2015 ostendens
432 1962 571 2028 juvenem,
588 1963 625 2017 sic
636 1964 715 2036 virgo
726 1966 868 2035 profatur:

130 2051 182 2105 Hic
193 2051 239 2105 ilie
251 2062 301 2116 est,
315 2050 410 2104 tellure
420 2068 505 2122 vagus
518 2051 563 2120 qui
574 2052 663 2106 victor
674 2055 702 2107 in
715 2054 790 2109 omni

130 2141 220 2195 Cursu
231 2142 306 2211 signa
317 2140 396 2202 tulit;
413 2139 456 2193 cui
469 2139 561 2209 pervia
572 2142 669 2196 Bactra
681 2143 838 2214 Dahaeque3

130 2233 188 2309 Qi
200 2233 325 2302 Gangem
334 2229 412 2295 bibit,
425 2239 452 2283 et
461 2229 560 2283 Pellaeo
571 2242 653 2302 ponte
664 2232 800 2304 Niphaten

130 2317 282 2385 Astrinxit;
297 2317 342 2372 cui
355 2328 425 2371 stant
438 2334 512 2370 mero
523 2334 572 2370 sua
586 2319 685 2373 moenia
695 2318 771 2373 Nilo.

129 2408 227 2477 Incipit
236 2407 385 2460 AEneades:
407 2405 501 2476 Libyci
511 2406 658 2460 certissima
670 2406 759 2476 proles

129 2497 297 2561 Hammonis,
310 2496 418 2566 quando
429 2506 572 2566 exsuperat
583 2507 629 2550 tua
639 2497 726 2568 gloria
737 2509 849 2555 cunctos

128 2583 283 2637 Indubitata
295 2584 385 2648 duces,
400 2581 531 2653 similique
542 2581 667 2653 cupidine
680 2600 773 2638 rerum

129 2672 242 2726 Pectora
253 2682 344 2734 nostra
355 2671 452 2735 calent,
465 2689 526 2742 quae
539 2680 568 2732 te
578 2671 630 2737 via,
644 2671 710 2737 fare,
721 2675 872 2744 superbum

129 2761 176 2814 Ad
188 2761 268 2813 decus
280 2770 307 2813 et
319 2776 436 2815 summas
447 2760 558 2814 laudum
567 2758 723 2830 perduxerit
734 2779 821 2818 arces.

127 2850 179 2903 Ille
192 2849 242 2904 sub
253 2849 325 2904 haec:
345 2850 449 2922 Turpis
460 2848 526 2904 lenti
536 2849 655 2904 sollertia
666 2852 779 2907 Martis.

127 2938 265 2999 Audendo
275 2937 347 2994 bella
357 2938 494 3014 expedias.
507 2938 584 3013 pigra
594 2939 694 2996 extulit
704 2941 785 2997 arctis
