2010 3450
290 261 384 310 erasa
400 261 466 302 xri.
503 264 532 301 v.
549 264 698 314 1¹s-144²
852 263 903 316 ¹73

95 367 241 422 Proximus
251 366 279 420 in
290 384 381 438 pugna
391 367 496 421 ductori
508 367 600 420 Marte
612 383 749 438 manuque

95 457 236 528 Regnator
246 455 402 510 Nomadum
413 454 517 520 fuerat3
536 472 600 508 mox
609 455 710 508 foedere
722 454 804 526 longo

96 543 236 612 Cultuque
248 543 403 596 AEneadum
415 559 512 594 nomen
526 543 668 596 Masinissa
679 545 837 612 superbum.
893 587 896 591 .

97 631 169 686 Huic
180 631 260 695 fesso,
273 646 343 700 quos
352 629 421 682 dura
433 629 497 699 fuga
507 638 534 682 et
546 646 600 681 nox
613 640 730 684 suaserat
741 641 810 697 atra,

97 718 228 790 Carpenti
239 733 345 771 somnos
356 717 461 770 subitus
473 716 599 770 rutilante
611 736 754 772 coruscum

95 808 204 864 vertice
216 808 291 862 fulsit
302 823 381 876 apex,
394 806 560 876 crispamque
572 805 711 860 involvere
720 807 778 860 visa
788 818 828 862 est

96 896 176 949 Mitis
188 896 296 949 flamma
305 911 422 958 comam,
433 903 513 961 atque
524 893 595 948 hirta
606 910 633 947 se
645 912 768 966 spargere
777 896 875 950 fronte.

96 983 270 1038 Concurrunt
281 981 385 1048 famuli,
397 992 425 1035 et
435 992 571 1052 serpentes
581 992 703 1053 tempora
712 985 816 1039 circum

98 1072 233 1126 Festinant
244 1070 339 1141 gelidis
350 1069 515 1140 restinguere
526 1068 646 1123 sontibus
658 1072 740 1142 ignes.

97 1159 139 1211 At
148 1157 304 1229 grandaeva,
319 1155 409 1209 Deiim
419 1173 587 1227 praenoscens
597 1156 697 1222 omina,
710 1168 804 1225 mater,

99 1247 142 1301 Sic
152 1246 196 1311 sit,
210 1245 363 1300 Coelicolae:
382 1254 560 1317 portentaque
571 1255 661 1298 vestra
673 1245 781 1298 secundi

99 1335 226 1400 Condite,
239 1333 286 1388 ait.
305 1335 394 1388 Duret
404 1333 484 1403 capiti
495 1350 545 1403 per
556 1333 644 1386 secula
654 1333 757 1386 lumen.

99 1425 141 1479 Ne
152 1440 229 1488 vero,
242 1440 286 1487 ne,
299 1431 370 1487 nate,
385 1421 476 1475 Deiim
487 1432 518 1476 tu
529 1422 592 1475 laeta
602 1438 713 1492 pavesce

98 1510 233 1582 Prodigia,
246 1519 292 1563 aut
302 1526 388 1563 sacras
400 1520 488 1563 metue
494 1508 565 1562 inter
573 1518 695 1578 tempora
707 1509 837 1564 flammas.
895 1531 896 1535 ¹

98 1598 150 1652 Hic
161 1597 211 1659 tibi
223 1598 367 1651 Dardaniae
378 1597 511 1668 promittit
523 1597 625 1650 foedera
636 1597 732 1667 gentis,

100 1686 151 1741 Hic
163 1685 211 1738 tibi
224 1702 305 1757 regna
316 1685 400 1750 dabit,
414 1684 503 1756 regnis
514 1685 615 1750 majora
627 1683 754 1755 paternis,

98 1774 183 1845 Ignis,
195 1783 222 1825 et
233 1772 362 1842 adjunget
374 1773 456 1825 Latiis
468 1782 515 1825 tua
527 1771 633 1824 nomina
644 1772 715 1826 fatis.

100 1862 141 1915 Sic
152 1870 238 1924 vates,
244 1860 403 1928 juvenisque
413 1859 533 1912 animum
544 1868 599 1912 tam
606 1858 680 1913 clara
689 1861 834 1916 movebant

100 1949 242 2013 Monstra,
257 1964 306 2000 nec
317 1947 434 2001 aPoenis
447 1947 496 2001 ulli
508 1947 615 2000 virtutis
627 1947 751 2002 honores.

99 2035 235 2090 Hannibal
246 2035 302 2106 ipse
314 2034 394 2088 etiam
402 2036 460 2101 jam
468 2036 578 2105 jamque
588 2035 733 2088 modestior
743 2038 823 2092 annis

100 2123 158 2195 [lre
169 2123 323 2186 videbatur,
337 2123 488 2190 Martisque
500 2121 646 2191 liquescere
658 2122 754 2196 fama]

101 2215 212 2267 Aurora
221 2212 330 2265 obscuri
342 2212 462 2282 tergebat
474 2209 567 2276 nubila
579 2209 650 2274 coeli,

100 2300 207 2369 Vixque
219 2298 409 2351 Atlantiadum
421 2297 586 2351 rubefecerat
598 2313 645 2349 ora
656 2313 792 2351 sororum:

100 2388 202 2444 Tendit
214 2387 242 2440 in
258 2386 401 2451 Ausonios,
414 2398 441 2438 et
452 2385 539 2439 adhuc
547 2383 654 2438 hostilia
664 2395 759 2438 castra.

102 2477 204 2546 Atque,
219 2474 265 2526 ubi
280 2491 306 2526 se
316 2473 389 2526 vallo
400 2473 538 2535 intulerat,¹
550 2473 697 2541 ductorque
708 2472 824 2543 benigno

102 2564 214 2634 Accepit
226 2562 318 2614 Latius
330 2561 419 2625 vultu,
433 2578 480 2614 rex
493 2560 592 2614 talibus
602 2559 677 2621 infitz

102 2652 248 2706 Coelestum
259 2651 360 2705 monita
369 2661 396 2703 et
409 2667 489 2703 sacrae
503 2664 628 2717 responsa
640 2648 766 2718 parentis,

103 2739 272 2810 Disquetua,
284 2757 301 2791 0
315 2737 451 2791 Rutulrim
463 2746 560 2801 rector,
571 2733 721 2806 gratissima
730 2734 818 2790 virtus

103 2827 240 2880 Avulsum
248 2827 341 2896 Tyriis
353 2827 406 2880 huc
419 2843 461 2878 me
473 2825 574 2878 duxere
586 2821 731 2876 volentem.

105 2915 129 2967 Si
140 2915 188 2969 tibi
202 2932 257 2978 non
271 2929 363 2984 segnes
374 2924 420 2968 tua
430 2920 526 2970 contra
536 2910 650 2975 fulmina
662 2925 732 2983 saepe
