2010 3450
43 281 46 287 ¹
99 316 132 357 n
316 306 406 353 ernas
426 313 457 354 x.
476 310 522 353 .v.
538 301 683 367 265-294.

98 421 181 473 Mens
192 417 272 473 abiit:
287 416 436 488 puduitque
447 415 529 488 fuga.
547 427 607 471 tum
618 418 675 470 visa
685 418 799 473 cremari
853 421 856 428 '
893 426 897 433 '

100 509 189 561 Roma
199 508 269 571 viro,
281 514 345 559 tunc
354 505 388 558 ad
400 515 490 573 portas
498 506 557 571 jam
569 515 638 558 stare
649 517 778 559 cruentus

100 594 249 659 Hannibal;
265 593 353 646 AEtoli
365 603 430 647 tunc
441 593 560 665 primum
572 603 634 646 ante
646 610 693 646 ora
704 593 782 646 fuere

99 683 243 736 Sorbentes
254 680 362 734 Latium
373 681 470 752 campi.
491 680 567 758 Qid
578 681 674 734 deinde
684 681 816 746 relictum,
831 691 833 694 '

101 770 225 824 Crastina
235 786 285 823 cur
295 767 395 837 Tyrios
405 768 454 822 lux
466 785 520 822 non
532 769 645 822 deducat
660 768 695 822 ad
706 769 821 837 Urbem,

102 858 209 921 Deseris
220 857 248 911 in
260 857 339 911 tantis
351 856 463 930 puppim
475 856 506 921 si,
520 856 623 920 Paulle,
635 856 777 927 procellis?

99 948 201 1001 Testor
213 944 364 1010 Coelicolas,
378 945 473 1013 inquit,
484 944 514 997 ni
522 945 619 998 damna
629 945 762 1016 gubernas
779 985 780 989 ,

101 1034 226 1088 Crudelis
237 1033 312 1098 belli,
324 1033 451 1103 vivisque.
459 1031 487 1085 in
499 1032 607 1085 turbine
618 1018 692 1086 tanto

100 1122 309 1192 Invitusqplus,
324 1121 426 1186 Paulle‚
442 1119 534 1190 (dolor
544 1121 628 1174 verba
639 1138 731 1191 aspera
742 1121 841 1191 dictat)
889 1173 892 1176 ,

103 1212 167 1265 Plus
180 1213 205 1263 V
206 1226 302 1264 arrone
311 1227 400 1263 noces.
420 1210 504 1278 Cape,
517 1225 615 1277 quaeso,
625 1209 707 1274 hunc,
720 1209 798 1264 unice
809 1222 901 1267 rerum

101 1303 250 1362 rosarum,
263 1315 327 1368 cape
337 1296 517 1368 cornipedem.
537 1297 691 1370 languentia
703 1300 824 1354 membra

77 1451 80 1460 .
100 1389 162 1459 Ippe
175 1387 269 1439 levabo
281 1385 407 1449 humeris,
421 1394 448 1438 et
459 1384 539 1438 dorso
550 1396 609 1440 tuta
619 1385 728 1440 locabo.

101 1477 168 1528 Haec
179 1473 257 1538 inter,
271 1473 359 1526 lacero
371 1479 522 1526 manantem
533 1490 568 1526 ex
580 1490 627 1527 ore
640 1489 763 1528 cruorem
839 1511 841 1515 v

101 1564 235 1631 injectans,
249 1562 361 1626 Consul,
375 1562 468 1614 Macte
479 1578 496 1615 o
507 1561 609 1614 virtute
621 1568 744 1631 paternal
784 1590 790 1601 ·

101 1654 159 1707 Nec
170 1668 237 1718 vero
249 1667 307 1720 spes
324 1659 452 1720 angusta,
466 1666 528 1703 cum
539 1648 602 1702 talia
614 1660 711 1703 restent

102 1740 214 1793 Pectora
225 1737 359 1794 Romuleo
369 1755 461 1808 regno.
483 1737 639 1791 Calcaribus
651 1739 736 1805 aufer,
768 1743 769 1746 ’

103 1831 165 1901 Qa
176 1825 275 1878 vulnus
287 1824 426 1894 permittit,
438 1842 552 1895 equum:
568 1836 623 1896 atq;
638 1827 700 1881 hinc
712 1827 785 1881 ocius
796 1827 880 1882 Urbis

103 1912 271 1967 claudantur
281 1922 377 1983 portae.
397 1922 457 1967 ruet
468 1914 526 1967 baec
537 1914 571 1967 ad
583 1915 681 1969 moenia
691 1915 782 1985 pestis.

102 2002 165 2066 Dic,
177 2018 234 2066 oro,
248 2017 339 2054 rerum
350 2000 433 2054 Fabio
444 2001 585 2055 tradantur
595 2001 715 2055 habenae.

101 2089 208 2149 Nostris
218 2088 348 2159 pugnavit
359 2087 467 2141 monitis
479 2088 565 2141 furor.
585 2089 700 2159 amplius
708 2101 767 2143 acta

103 2175 178 2251 Qid
190 2184 309 2246 superest
316 2173 382 2238 vita,
396 2174 446 2228 nisi
457 2191 535 2229 caecae
545 2177 685 2230 ostendere
697 2176 769 2246 plebi

102 2262 228 2317 Paullum
240 2262 306 2316 scire
319 2262 403 2314 mori?
423 2260 539 2315 feroran
552 2275 707 2317 consumtus
719 2264 746 2317 in
757 2264 863 2319 Urbem

101 2348 282 2402 Vulneribus?
297 2346 422 2416 quantine
431 2359 535 2415 ¹emtum
547 2350 613 2403 velit
624 2349 768 2416 Hannibal,
781 2362 812 2405 ut
824 2369 874 2408 nos

101 2436 244 2489 vertentes
256 2445 332 2507 terga
342 2434 466 2505 aspiciat?
486 2453 534 2490 nec
547 2426 613 2490 talia
622 2437 717 2492 Paullo

104 2522 223 2588 Pectora,
236 2539 285 2576 nec
297 2539 387 2576 manes
399 2534 453 2576 tam
464 2541 548 2594 parva
559 2525 688 2578 intramus
698 2525 796 2597 imago.

102 2608 155 2662 llle
166 2610 303 2680 ego—Sed
314 2627 385 2664 vano
395 2610 458 2679 quid
470 2610 541 2663 enim
552 2621 578 2664 tc
590 2611 715 2664 demoror
726 2629 807 2684 aeger,

101 2699 226 2765 Lentule,
239 2709 402 2771 conquestu?
416 2718 505 2772 perge,
519 2711 574 2771 atq;
588 2702 650 2757 hinc
661 2701 770 2773 cuspide
782 2703 881 2759 fessum

102 2788 186 2859 Eripe
198 2788 396 2858 quadrupedem
407 2805 532 2862 propere.
556 2791 631 2843 Tum
644 2790 774 2845 Lentulus
786 2793 900 2860 Urbem,

102 2876 206 2946 Magna
217 2875 304 2929 ferens
315 2877 448 2942 mandata,
462 2877 542 2947 petit:
566 2894 612 2931 nec
625 2877 734 2932 Paullus
746 2878 874 2948 inultum,

104 2964 189 3042 Qud
199 2953 319 3039 superest
330 2966 363 3021 de
376 2965 446 3034 luce,
460 2965 531 3021 sinit.
552 2965 612 3020 Ceu
623 2965 735 3023 vulnere
748 2964 823 3041 tigris
879 3020 884 3028 ,
