2010 3450
155 279 209 328 204
355 275 445 318 unu
463 277 544 319 xvn.
580 279 609 319 v.
623 269 769 340 ²⁶4⁸·293·

155 379 307 436 Ausoniam
317 391 441 437 extremo
452 383 756 455 tellurem-apprendere
765 402 867 444 morsu.

154 472 195 525 At
207 469 272 522 mihi
284 469 439 525 Cannarum
449 473 561 543 campis,
572 472 618 527 ubi
630 474 749 539 Paullus,
763 485 794 529 ct
805 475 859 530 illae

155 559 279 630 Egregiae
292 558 441 613 occubuere
451 560 557 625 anima,
569 560 704 614 dimittere
714 562 800 616 vitam

155 651 219 703 Non
231 649 352 704 licituma
365 648 496 721 veh-curu
508 648 607 702 ferrem
619 649 648 702 in
660 649 797 720 Capitolia
805 651 930 721 emmae,

153 744 274 814 Tarpejo
284 743 358 812 Jovis
365 741 407 796 ad
415 756 508 794 manes
517 738 677 794 descendere
688 739 755 793 telo.

153 834 234 887 Talia
245 833 313 886 dum
320 840 431 895 mmet,
443 827 554 882 diversis
565 827 673 881 flatibus
684 837 745 881 acta

152 922 186 974 In
198 919 336 991 geminum
348 918 402 972 ruit
413 917 489 971 unda
500 916 578 981 latus,
593 916 821 987 puppimqueaub
832 917 902 976 atria

153 1008 283 1075 AEquoris
292 1006 434 1078 aggeribus
445 1003 541 1068 tenuit,
551 1021 605 1058 eeu
612 1004 723 1058 turbine
729 1021 856 1060 suasam.

153 1099 234 1161 Mox,
247 1096 405 1167 nigris-altae
414 1093 492 1164 pulsa
501 1092 663 1147 exundantis
675 1110 764 1147 areuae

151 1184 314 1248 Vorticibus,
328 1181 663 1237 ratiseetheriaererneavit
675 1182 710 1235 ad
721 1199 810 1246 auras,

152 1273 188 1325 Et
202 1273 299 1326 lluctus
312 1287 402 1339 supra,
412 1281 497 1322 vento
504 1268 632 1334 librante,
644 1267 784 1341 pependit.

151 1361 193 1414 At
204 1360 321 1430 geminas
330 1357 456 1412 Notusin
468 1357 591 1428 scopulos
601 1367 685 1426 atque
693 1357 805 1415 horrida
812 1361 880 1414 saxa

152 1450 230 1503 Dure
239 1457 311 1501 sorte
322 1445 393 1517 rapit
405 1445 596 1518 (miserandum
607 1456 635 1498 et
644 1446 888 1516 tristellrbiremes.

153 1539 317 1608 Increpue-re
328 1535 386 1590 ictu
392 1544 574 1606 proraeutum·
582 1535 686 1590 murice
696 1545 777 1590 acuto

153 1623 292 1678 Dissiliens
304 1621 401 1687 sonuit,
414 1629 638 1692 ruptacompage,
648 1621 750 1675 serina,

152 1710 206 1766 Hic
215 1710 289 1764 varia
299 1719 360 1763 ante
372 1709 465 1763 oculos
476 1709 571 1762 facies:
589 1719 662 1763 natat
674 1727 784 1779 aequore
793 1719 853 1765 tolo

151 1800 239 1851 Arma
250 1797 329 1861 inter,
342 1795 480 1868 galeasque
491 1795 593 1862 vistim,
608 1796 752 1865 cristasque
764 1798 899 1863 rubentes,

152 1887 285 1941 Florentis
296 1887 397 1957 Capuae
408 1903 484 1956 gaza,
503 1894 529 1938 et
542 1894 650 1955 seposta
660 1885 801 1954 triumpho

151 1977 271 2030 Laurens
281 1975 372 2046 praeda
377 1972 468 2038 ducis,
481 1971 609 2043 tripodes,
623 1990 777 2044 mensaeque
791 1975 920 2037 Deorum,

154 2062 289 2128 Cultaque
301 2059 481 2130 nequidquam
492 2059 595 2112 miseris
608 2058 749 2113 simulacra
760 2059 872 2113 Latinis.

151 2152 224 2204 Cum
236 2151 337 2213 Venus,
349 2147 430 2201 emoti
440 2147 507 2200 facie
517 2146 661 2201 conterrita
669 2147 754 2220 ponti,

149 2240 263 2294 Talibus
274 2238 419 2306 alloquitur
431 2253 521 2307 negem
531 2238 625 2291 maris:
643 2239 703 2291 Hoc
715 2237 778 2292 satis
789 2238 838 2294 irae

150 2330 266 2392 Interea,
279 2326 399 2397 genitor:
420 2325 480 2378 satis
489 2326 527 2378 ad.
536 2328 637 2393 majora
644 2328 792 2384 minarum.

152 2417 248 2470 Cetera
262 2432 354 2486 parce,
365 2431 469 2486 precor,
482 2414 592 2486 pelago:
614 2432 647 2468 ne
660 2415 736 2468 tollat
747 2417 845 2469 acerba

150 2508 208 2559 Hoc
223 2504 361 2574 Karthago
368 2504 463 2566 decus,
477 2503 714 2573 mullosuperabile
725 2502 799 2556 bello

150 2594 325 2666 Progenuisse
335 2603 424 2664 caput,
438 2602 594 2659 nostrosque
606 2592 633 2645 in
645 2590 742 2644 funera
754 2591 833 2644 Poeni

150 2683 285 2735 AEneadas
294 2681 372 2734 undis
382 2690 493 2750 totoque
504 2679 607 2751 eguisse
618 2678 765 2750 profundo.

149 2773 192 2824 Sic
204 2773 308 2824 Venus:
329 2781 357 2822 et
368 2769 467 2822 tumidi·
476 2769 619 2823 considunt
626 2767 743 2839 gurgite
751 2767 869 2832 fluctus3

149 2861 292 2929 Obviaque
302 2859 419 2912 adversis
432 2858 586 2928 propellunt
596 2856 700 2928 agmina
712 2855 817 2909 castris.

149 2949 215 3004 Dux
227 2957 305 3001 vetus
316 2963 463 3015 armorum,
476 2946 609 3017 solusque
615 2944 766 3000 accendere
772 2943 861 2998 eorda
