2010 3450
304 305 393 346 um
409 306 464 344 xv.
501 307 529 344 v.
543 306 694 358 475—504.
851 309 903 362 155

96 411 224 466 Frondosi
236 410 313 464 collis
325 411 440 464 latebras
452 427 483 464 ac
496 427 559 464 saxa
570 411 682 480 capessit
765 413 768 417 ’

95 501 175 565 Avia,
189 516 238 554 nec
249 499 337 554 caedes
348 509 503 552 extrenuve
514 499 611 552 damna
623 500 769 554 movebant

93 591 228 662 Agminis.
249 589 355 643 Italiam
368 589 501 660 profugus
513 589 648 660 spectabat
660 599 687 641 et
699 590 796 659 Alpes,

93 678 206 732 Praemia
217 695 314 750 magna
324 677 406 749 fugae.
426 677 553 730 Tacitum
564 677 611 730 dat
622 689 720 730 tessera
732 677 855 749 signum:

94 765 210 818 Dimissa
222 764 248 817 in
261 763 345 817 colles
356 781 448 834 pugna
459 762 591 831 silvasque
604 763 725 817 ferantur

93 852 224 924 Dispersi,
236 862 264 905 et
276 869 417 915 summam,
433 851 587 922 quicunque
599 851 721 916 evaserit,
736 869 825 907 arcem

92 939 209 1010 Pyrenes
220 938 380 1006 culmenque
391 947 474 1008 petat.
495 938 571 990 Turn
582 937 694 1007 primus,
706 938 808 993 honore

92 1029 243 1080 Armorum
254 1036 348 1090 exuto,
362 1037 388 1079 et
401 1043 493 1096 parma
505 1025 605 1079 celatus
616 1027 705 1091 lbera,

92 1116 125 1167 ln
137 1124 242 1167 montes
253 1112 320 1178 abit,
334 1123 413 1182 atque
425 1112 519 1166 volens
531 1112 648 1184 palantia
659 1114 754 1183 linquit

91 1203 221 1276 Agmina.
242 1203 363 1256 Desertis
376 1202 469 1255 Latius
481 1202 601 1256 victricia
613 1203 687 1274 signa

91 1291 218 1346 Immittit
228 1290 305 1343 miles
316 1290 418 1344 castris.
439 1293 501 1344 Non
514 1291 581 1344 urbe
594 1301 699 1362 recepta

91 1380 157 1433 Plus
169 1379 225 1432 ulla
238 1388 347 1449 partum
360 1379 468 1448 praedas,
482 1379 621 1449 tenuitque
632 1390 748 1432 moratas

90 1469 119 1522 A
130 1468 215 1532 caede,
229 1476 259 1520 ut
273 1467 389 1536 Libycus
401 1467 498 1520 ductor
510 1468 673 1538 providerat,
688 1468 750 1522 iras.

90 1557 224 1614 Fluminei
236 1555 322 1610 veluti
333 1557 479 1626 deprensus
491 1556 604 1628 gurgitis
616 1557 702 1620 undis,

90 1646 199 1701 Avulsa
210 1654 286 1716 parte
299 1644 453 1717 inguinibus
465 1662 609 1714 caussaque
622 1645 725 1716 pericli,

91 1733 190 1789 Enatat
203 1733 307 1786 intento
319 1732 419 1802 praedae
431 1731 499 1785 fiber
511 1732 587 1784 avius
599 1734 684 1785 hoste.

89 1821 211 1893 Impiger
221 1819 333 1875 occultis
346 1820 446 1872 Poenus
457 1830 600 1890 postquam
612 1820 722 1874 abditur
733 1820 847 1890 umbris,

91 1911 199 1964 Saxosae
210 1909 295 1962 fidens
308 1908 391 1975 silvae,
405 1909 507 1974 majora
518 1919 649 1980 petuntur

90 2000 197 2053 Rursus
206 1998 280 2059 bella
293 2009 374 2063 retro,
388 2009 414 2051 et
427 1997 548 2068 superari
560 1999 658 2051 certior
669 1998 762 2053 hostis.

89 2087 208 2157 Pyrenes
219 2086 326 2140 tumulo
337 2086 454 2155 clipeum
466 2102 529 2138 cum
540 2086 657 2139 carmine
669 2087 766 2158 figunt,

89 2177 316 2230 llnsonuunms
329 2190 468 2230 sronruu
478 2176 629 2228 Gannivo
643 2177 749 2230 Scnuo
762 2189 896 2232 vrcrou.

89 2265 211 2318 Terrore
222 2263 325 2316 interea
337 2264 423 2335 posito
435 2273 509 2317 trans
521 2265 604 2317 ardua
616 2265 715 2318 montis

90 2349 221 2420 Bebrycia
233 2350 350 2421 populos
360 2351 481 2404 armabat
494 2351 594 2404 Poenus
606 2352 633 2404 in
645 2352 716 2418 aula,

89 2438 231 2492 Mercandi
243 2439 353 2494 dextras
365 2441 466 2512 largus,
479 2440 605 2511 belloque
616 2451 709 2512 parata

90 2525 235 2598 Prodigere
248 2526 277 2581 in
289 2527 391 2581 bellum
404 2528 498 2582 facilis.
519 2529 655 2598 praemissa
667 2530 769 2584 feroces

89 2616 236 2686 Augebant
247 2614 351 2668 animos
363 2616 466 2688 argenti
478 2617 596 2684 pondera
606 2628 633 2669 et
643 2617 712 2685 auri,

90 2703 169 2758 Parta
182 2704 350 2758 metalliferis
362 2706 443 2776 longo
455 2704 607 2758 discrimine
618 2706 705 2759 terris.

89 2793 159 2847 llinc
171 2811 242 2847 nova
253 2792 425 2863 complerunt
438 2793 509 2846 haud
522 2792 599 2846 tardo
612 2793 696 2846 milite
706 2805 793 2849 castra

89 2880 201 2936 Venales
213 2882 322 2947 animae,
336 2881 461 2935 Rhodani
474 2881 520 2951 qui
531 2881 638 2954 gurgite
648 2882 775 2953 gaudent,

91 2972 217 3046 Qorum
229 2970 314 3043 serpit
326 2972 401 3026 Arar
412 2987 461 3044 per
471 2986 535 3026 rura
545 2968 705 3044 pigerrimus
712 2971 804 3027 unda.
