2010 3450
316 303 408 345 urm
423 302 493 345 xm·
530 305 560 343 v.
577 306 723 358 ¹75·²04·
892 302 924 361 87

112 411 157 464 Ac
168 410 235 464 dum
246 407 297 462 vix
304 392 400 474 occulis,
412 408 460 462 vix
471 407 585 462 credunt
597 409 741 474 mentibus,
753 409 861 465 hostem
920 457 924 467 .

112 497 253 552 Confisum
265 496 343 551 nullo
351 497 494 552 comitante
506 497 657 567 irrumpere
669 500 756 565 tectis,

110 584 164 637 Per
174 583 292 638 mediam
303 602 417 656 propere
428 584 609 654 trepidantum
620 585 759 641 interritus
771 586 868 640 urbem

110 671 174 743 Egit
184 677 296 741 equum,
308 674 473 744 adveruque
483 674 567 728 evasit
577 675 612 728 ad
622 675 729 746 agmina
740 685 829 747 porta.

109 760 181 814 Hinc
192 760 291 814 ardore
303 760 361 831 pari
372 761 485 833 uimque
497 762 635 816 incurrere
646 764 731 818 muria

110 848 257 919 Ignescunt
267 849 360 915 animi,
372 860 562 921 penetrataque
573 861 642 907 tecta
653 853 752 907 subire.

109 936 180 990 Tela
189 936 272 991 simul
282 937 451 1007 nummoque
462 938 574 994 micant.
582 984 585 991 i
593 949 659 996 tunc
672 959 766 996 saxetu
776 941 863 997 imber

108 1024 226 1095 Ingruit,
238 1035 269 1078 et
278 1026 390 1080 summis
401 1027 547 1082 ascendunt
559 1029 680 1084 turribus
691 1030 783 1084 bastae.

108 1115 164 1168 Nec
176 1130 296 1182 pronum
305 1114 423 1168 audendi
435 1115 536 1169 virtute
547 1118 679 1171 excellere
691 1119 831 1189 cuiquam:

107 1200 268 1269 AEqudrunt
278 1202 327 1256 irae
337 1203 455 1258 dextras.
475 1205 578 1259 Dictaea
590 1222 638 1277 per
648 1224 725 1262 auras

106 1290 222 1356 Traoat,
234 1301 262 1343 et
274 1291 302 1343 in
314 1291 433 1347 medium
445 1292 592 1364 perlabitur
604 1295 678 1347 urbis
689 1296 802 1349 arundo.

97 1376 237 1444 laetatur,
251 1395 306 1432 non
317 1379 451 1445 hortandi,
464 1398 518 1434 non
530 1381 608 1451 plura
619 1383 745 1436 monendi

106 1465 221 1520 fulvius
229 1483 288 1520 esse
299 1467 400 1521 locum.
419 1468 527 1538 rapiunt
537 1469 586 1523 sibi
598 1471 712 1541 quisque
725 1471 855 1526 laborem.

106 1560 184 1628 Qos
196 1555 312 1609 ubitam
322 1568 425 1610 eremos
435 1558 516 1612 animi
526 1558 609 1624 videt,
623 1570 649 1612 et
662 1577 798 1630 superesse

104 1645 233 1698 Fortuna
246 1643 297 1698 sibi
305 1661 440 1714 quemque
450 1645 563 1711 ducem;
584 1645 639 1699 ruit
650 1644 748 1717 impete
760 1658 835 1701 vasto

103 1730 150 1783 Ad
162 1741 281 1800 portam,
294 1747 451 1801 magnaeque
462 1741 537 1802 optat
550 1730 702 1786 discrimina
714 1731 802 1785 famae.

102 1820 174 1872 Tres
185 1818 304 1873 claustra
315 1836 435 1887 aequaevo
447 1818 588 1872 servabant
599 1836 712 1890 corpore
725 1818 829 1882 iratres,

102 1906 175 1980 Quis
185 1908 290 1963 delecta
300 1926 396 1963 manus
405 1909 511 1963 centeni
522 1909 618 1978 cuique
629 1909 749 1964 ferebant

100 1995 249 2060 Euenum,
263 2013 370 2066 unaque
381 1996 473 2050 locum
484 1998 596 2051 statione
608 1999 745 2050 tenebant.

100 2085 201 2136 Forma
212 2099 246 2136 ex
259 2082 302 2135 his
312 2085 449 2148 Numitor,
461 2101 542 2137 cursu
554 2083 696 2156 plantaque
707 2082 812 2136 volucri

100 2170 251 2225 Praestabat
260 2171 390 2235 laurens,
404 2171 589 2225 membrorum
597 2171 668 2225 mole
678 2171 830 2226 Laburnus.

100 2261 153 2314 Sed
165 2279 220 2314 non
232 2278 288 2314 una
300 2261 366 2314 viris
376 2261 439 2315 tela.
457 2261 501 2315 hic
511 2261 641 2316 mirabilis
651 2281 726 2329 arcu,

98 2349 152 2403 Ille
164 2348 268 2403 hastam
279 2359 400 2420 quatere,
412 2367 445 2405 ac
455 2350 591 2405 medicatae
604 2353 721 2423 cuspidis
732 2352 787 2408 ictu

99 2437 201 2490 Proelia
211 2437 312 2502 moliri,
324 2447 352 2491 et
363 2439 437 2492 nudo
448 2455 502 2491 non
513 2438 622 2493 credere
634 2438 717 2505 ferro,

98 2524 212 2578 Tertius
222 2524 331 2594 aptabat
345 2525 458 2579 flammis
469 2543 500 2579 ac
513 2524 617 2579 sulfure
629 2528 721 2581 taedas.

99 2613 197 2687 Qalis
209 2612 365 2667 Atlantiaco
376 2625 541 2668 memoratur
550 2614 629 2669 litore
643 2616 778 2683 quondam

98 2702 260 2755 Monstrum
273 2703 414 2772 Geryones
425 2703 541 2756 immane
553 2697 707 2774 tricorporis
720 2704 785 2771 iraet

97 2787 152 2841 Cui
160 2799 216 2842 tres
227 2788 255 2840 in
267 2806 387 2859 pugnam
397 2790 502 2844 dextrae
511 2788 586 2842 varia
593 2806 668 2842 arma
675 2789 812 2860 gerebant.

97 2876 160 2930 Una
169 2877 247 2948 ignes
258 2893 352 2943 savos,
365 2888 405 2932 ast
416 2879 500 2932 altera
512 2894 580 2948 poue
592 2879 700 2949 sagittas

98 2965 252 3032 Fundebat,
264 2964 382 3021 validam
394 2967 536 3040 torquebat
547 2965 626 3022 tertia
636 2983 759 3034 cornum,
