2010 3450
289 297 379 339 arara
397 299 477 340 svn.
513 299 542 339 v.
557 288 702 354 2³4·²⁶3·
851 304 899 355 203

99 407 162 475 Qa
172 401 217 456 via
229 412 291 457 nota
300 404 365 457 mihi
375 413 424 469 est,
436 405 559 458 remeabo
572 405 684 458 Anienis
695 403 730 458 ad
741 402 836 458 undas.

98 489 212 543 Flectite
222 487 250 541 in
262 489 368 542 ltaliam
379 505 482 557 proras,
495 490 607 543 avertite
618 490 739 544 classem.

99 575 184 642 Faxo,
197 587 229 630 ut
241 576 338 630 vallata
346 576 585 648 revocetur'Sciplo
597 579 695 632 Roma.

98 664 217 718 Talibus
225 664 362 718 ardentem
373 663 451 718 furiis
459 667 601 735 Neptunus
612 674 644 717 ut
655 665 710 720 alto

98 752 250 823 Prospexit,
264 752 385 822 vertique
397 762 466 806 rates
477 752 512 805 ad
523 751 602 806 litora
613 752 692 818 vidit,

97 847 235 919 Qassans
245 841 392 894 caeruleum
403 840 508 911 genitor
519 850 600 910 caput
610 857 721 911 aequora
731 840 818 896 fundo

96 930 186 995 Eruit,
199 939 227 982 et
238 929 372 982 tumidum
382 939 474 982 movet
483 928 553 982 ultra
565 928 645 982 litora
656 939 779 999 pontum.

98 1016 244 1087 Extemplo
254 1025 359 1080 ventos,
371 1017 534 1086 imbresque,
547 1027 575 1068 et
586 1033 653 1086 rupe
664 1016 796 1087 procellas

99 1104 225 1158 Concitat
236 1104 349 1168 AEolias,
364 1120 395 1157 ac
407 1103 523 1157 nubibus
535 1102 634 1156 aethera
645 1102 747 1158 condit.

98 1194 184 1257 Tum,
194 1191 299 1264 penitus
311 1191 365 1245 telo
377 1190 486 1245 molitus
495 1207 576 1262 regna
589 1191 697 1244 tridenti

97 1283 208 1345 Infima,
220 1282 255 1334 ab
267 1298 362 1335 occasu
374 1281 484 1350 Tethyn
495 1279 609 1350 impellit
620 1290 647 1332 et
658 1289 732 1345 ortu,

99 1367 144 1424 Ac
156 1378 245 1422 totum
257 1369 356 1422 Oceani
368 1370 459 1422 turbat
469 1380 560 1438 caput·
576 1385 688 1438 aequora
700 1379 813 1440 surgunt

99 1459 225 1526 Spumea,
239 1467 266 1508 et
278 1456 350 1510 illisu
361 1456 486 1527 scopulus
499 1456 590 1510 tremit
601 1456 687 1509 omnis
699 1475 839 1527 aquarum.

98 1545 215 1609 Primus,
229 1561 256 1597 se
267 1543 393 1597 attollens
404 1531 587 1598 Nasamonum
599 1544 715 1610 sedibus,
729 1546 833 1600 Auster

97 1633 219 1690 Nudavit
231 1633 331 1702 Syrtim
339 1643 462 1704 correpta
474 1632 581 1686 nubilus
593 1631 676 1686 unda.

97 1721 256 1791 Insequitur
266 1720 381 1774 sublime
393 1720 479 1774 ferens
492 1721 657 1792 nigrantibus
667 1721 716 1775 alis

99 1813 258 1881 Abruptum
272 1812 369 1864 Boreas
381 1811 455 1881 ponti
466 1809 553 1864 latus:
574 1812 678 1864 intonat
689 1827 751 1865 acer

100 1899 225 1954 Discordi
238 1899 314 1963 flatu,
327 1908 353 1952 et
365 1909 469 1969 partem
480 1899 549 1968 rapit
561 1899 684 1969 aequoris,
699 1901 799 1954 Eurus.

100 1989 172 2044 Hinc
183 1988 255 2057 rupti
268 1988 378 2041 reboare
390 1988 455 2059 poli,
467 1999 547 2058 atque
559 1989 622 2043 hinc
634 1990 728 2044 crebra
738 1992 835 2046 micare

100 2077 234 2141 Fulmina,
246 2087 273 2129 et
284 2076 312 2129 in
323 2076 433 2130 classem
445 2094 522 2130 ruere
534 2077 701 2148 implacabile
712 2079 822 2133 coelum.

101 2167 266 2220 Consensere
278 2164 361 2236 ignes,
372 2166 519 2236 nimbique,
529 2176 557 2219 et
569 2166 676 2231 fluctus,
688 2177 715 2220 et
726 2167 767 2220 ira

100 2255 262 2321 Ventorum,
274 2265 432 2325 noctemque
444 2254 514 2308 freto
527 2255 676 2326 imposuere
688 2255 816 2310 tenebrae.
867 2304 870 2311 ,

101 2344 180 2408 Ecce,
194 2343 293 2397 intorta
303 2345 386 2407 Noto,
400 2343 561 2413 veniensque
572 2361 588 2395 a
600 2358 666 2413 rupe
679 2343 797 2412 procella

100 2435 237 2487 Antennae
248 2431 380 2503 immugit,
394 2431 544 2501 stridorque
558 2430 659 2485 immite
672 2430 818 2484 rudentum

100 2522 204 2586 Sibilat,
216 2539 246 2575 ac
259 2520 371 2575 similem
380 2519 475 2584 monti,
488 2519 609 2592 nigrante
621 2519 767 2590 profundo,

101 2609 230 2664 Ductoris
242 2608 340 2680 frangit
349 2625 430 2679 super
440 2625 488 2660 ora
498 2608 638 2661 trementia
651 2608 775 2661 fluctum.

100 2697 252 2761 Exclamat,
264 2696 375 2750 volvens
386 2696 478 2750 oculos
489 2696 613 2767 coeloque
624 2696 763 2765 fretoque:

101 2784 188 2850 Felix,
201 2802 218 2838 o
232 2783 324 2848 frater,
339 2783 467 2851 Divisque
479 2792 582 2852 aequate
594 2783 722 2846 cadendo,

100 2869 266 2926 Hasdrubal!
286 2871 422 2941 egregium
434 2869 510 2923 sortis
521 2869 565 2923 cui
578 2870 687 2924 dextera
698 2868 727 2922 in
737 2867 818 2924 armis

101 2957 234 3032 Pugnanti
244 2958 348 3032 peperit
357 2957 454 3031 letum,
465 2967 493 3016 et
503 2958 548 3016 cui
559 2957 614 3027 lata
624 2959 732 3029 dedere,
764 3008 766 3013 .
835 2953 839 2960 “
