2010 3450
104 292 143 349 ,⁴4
303 286 407 333 ,unna
426 287 483 329 iri.v
507 279 698 342 νέω-474.

107 396 224 459 Ducere,
241 392 307 448 etin
320 411 411 448 muros
423 393 542 465 posuisse
553 393 669 448 volentia
681 400 755 450 sanae
818 421 822 426 -

106 485 174 538 Haec
186 481 353 553 Amphionio
363 482 474 536 vallavit
486 481 590 553 pectine
601 483 721 548 Thebas,
784 478 788 485 ’

108 573 162 637 Ac,
176 570 247 625 silice
259 570 401 643 aggeribus
413 589 461 640 per
472 588 500 624 se
512 572 654 626 scandente
666 574 780 640 vocatis,

105 659 190 729 Jussit
199 660 226 712 in
238 658 399 713 immensum
409 670 526 714 cantatas
538 677 648 731 surgere
660 671 768 715 turres..

106 748 213 812 Altera,
226 747 365 800 turbatum
376 748 480 818 plectm
492 749 629 803 moderata
640 750 822 820 profundum,

106 835 144 888 Et
155 834 241 888 tenuit
253 834 360 906 phocas,
373 845 400 887 et
410 835 438 888 in
450 835 523 889 omni
536 836 632 890 Protea
644 836 732 891 forma

105 922 216 988 ,Traxit,
228 932 255 977 et
268 939 394 992 aequoreo
405 923 523 994 portavit
535 924 641 978 Ariona
652 924 744 979 dorso.

105 1013 176 1081 Jam,
190 1029 251 1081 quae
264 1009 367 1065 Peliaca
379 1011 512 1066 formabat
525 1029 592 1083 mpe
602 1014 725 1067 canendo

104 1101 227 1155 Heroum
238 1110 340 1154 mentes
350 1110 378 1153 et
389 1101 478 1171 magni
491 1111 599 1169 pectora
611 1101 738 1168 Achillis,
835 1119 838 1126 ·

105 1188 242 1242 Centauro
253 1188 350 1243 dilecta
360 1188 451 1258 chelys
462 1199 642 1258 compesceret
653 1190 716 1255 iras,

105 1275 234 1330 Percussa
244 1276 306 1342 fide,
319 1275 363 1330 vel
375 1276 463 1347 pelagi
474 1276 518 1330 rel
530 1277 614 1331 tristis
626 1278 742 1332 Averni.

103 1366 230 1434 Namque,
237 1366 327 1430 chaos,
340 1361 440 1419 caecam
451 1366 588 1435 quondam
600 1366 656 1420 sine
669 1365 755 1420 sidere
767 1367 868 1422 molem

103 1454 167 1508 Non
179 1464 305 1526 surgente
315 1455 368 1520 die,
380 1471 412 1507 ac
424 1455 557 1508 mundum
569 1455 624 1509 siue
633 1456 694 1510 luce
705 1458 829 1511 canebat.

102 1543 180 1596 Tum
194 1545 269 1597 Deus
281 1553 311 1598 ut
324 1543 419 1614 liquidi
431 1542 552 1597 discisset
563 1554 656 1616 stagna
668 1544 810 1615 profundi,

102 1630 275 1700 Tellurisque
284 1632 400 1702 globum
411 1632 499 1685 media
508 1649 636 1703 compage
649 1631 776 1687 locasset:

102 1719 142 1774 Ut
151 1719 253 1779 celsum
266 1719 374 1791 Superis
385 1720 506 1774 habitare
518 1720 634 1773 dedisset
647 1721 809 1793 Olympum,

103 1810 238 1881 Castaque
251 1811 358 1864 Saturni
370 1809 535 1869 monstrabat
547 1808 637 1863 secula
649 1810 742 1879 patris.

103 1900 165 1965 Sed,
180 1918 247 1968 quos
258 1900 381 1972 pulsabat
394 1901 539 1970 Rhipaeum
548 1899 583 1951 ad
596 1900 750 1968 Strymona,
763 1901 853 1967 nervi,

102 1989 223 2043 Auditus
234 1989 351 2059 Superis,
364 1988 471 2042 auditus
483 1987 606 2041 manibus
617 1988 754 2058 Orpheus,

100 2077 224 2133 Emerito
237 2078 341 2149 fulgent
353 2077 425 2131 clara
436 2076 505 2129 inter
517 2076 604 2129 sidera
615 2075 695 2130 coelo.

100 2167 184 2223 Hunc
195 2165 277 2218 etiam
287 2175 381 2230 mater,
396 2175 452 2217 tota
463 2163 607 2218 comitante
619 2180 745 2218 sororum

100 2254 243 2310 Aonidum
251 2255 340 2320 turba,
353 2264 439 2307 mater
452 2252 547 2305 mirata
557 2261 710 2306 canentem.

100 2344 163 2398 Non
177 2342 225 2396 illo
238 2343 352 2414 Pangaea
360 2342 427 2413 juga
437 2351 484 2394 aut
496 2340 651 2394 Mavortius
664 2341 787 2405 Haemus,

96 2433 163 2490 Non
175 2431 223 2484 illo
235 2429 390 2484 modulante
401 2446 480 2483 sonos
491 2428 563 2482 stetit
575 2428 670 2482 ultima
681 2430 708 2481 T
710 2429 805 2484 hrace:

101 2521 174 2574 Cum
188 2517 262 2583 silvis
274 2535 373 2574 venere
385 2518 459 2584 ferae,
472 2535 536 2572 cum
544 2517 681 2570 montibus
693 2533 796 2571 amnes.

99 2611 252 2663 Immemor
263 2617 289 2660 et
299 2606 385 2661 dulcis
398 2606 464 2672 nidi,
478 2605 618 2676 positoque
630 2604 726 2659 volatu

99 2699 163 2753 Non
176 2705 250 2754 mota
261 2694 381 2749 volucris
391 2694 499 2765 captiva
510 2692 635 2764 pependit
648 2693 675 2746 in
688 2692 784 2747 aethra.

100 2784 177 2859 Qin
189 2784 274 2838 etiam
287 2783 413 2855 Pagasaea
422 2781 495 2847 ratis,
508 2798 571 2837 cum
583 2780 683 2836 caemla
693 2783 817 2838 nondum

98 2874 216 2947 Cognita
231 2873 380 2944 terrigenis,
393 2881 531 2943 pontoque
543 2869 642 2925 intrare
654 2883 795 2943 negarent,

99 2965 147 3020 nd
158 2961 272 3039 puppim
284 2979 377 3030 sacrae,
389 2961 492 3016 cithara
503 2960 634 3027 eliciente,
646 2960 747 3016 carinae
