2010 3450
435 307 544 346 ποτε.
853 312 903 361 251

97 418 145 472 cit.
178 412 403 486 Frequentissime
414 411 489 466 enim
507 410 603 466 scribae
613 411 715 466 librarii
726 428 758 466 ea
768 412 852 467 verba
864 413 905 467 in·

97 517 140 559 ter
151 523 179 558 se
196 501 409 558 commutisrunt.

109 623 113 629 -
129 597 193 660 456·
213 590 412 662 Distinguimus
424 607 487 642 cum
497 589 556 642 Lef.
578 599 606 642 et
624 590 729 662 vulgat.
744 602 805 662 post
815 592 902 654 simul5

97 700 153 736 non
166 699 230 735 cum
242 681 335 733 Heins.
349 688 376 730 et
387 679 474 731 Drak.
488 688 549 747 post
561 679 667 733 immani.

133 774 197 839 496.
218 769 279 840 iter]
298 767 432 819 Mendose
444 766 565 836 impress.
580 766 639 838 lege
649 769 697 821 ita.

132 875 195 924 577.
215 867 296 909 uestra
308 854 508 908 libri-Drak.
522 865 549 907 et
561 853 621 922 Lei.
634 866 727 909 nostra.

133 950 195 1014 ⁵9⁶·
207 944 315 1015 junctis]
335 943 378 995 Sic
390 942 505 1013 legimus
523 959 586 995 cum
598 942 781 1015 vulg.-motis
793 944 827 998 C.
843 944 905 999 Col.

99 1032 186 1088 solus.
201 1048 250 1086 nec
261 1030 339 1083 aliter
351 1029 438 1083 Drak.
452 1041 479 1083 et
492 1029 552 1082 Lef.

133 1129 194 1194 ⁶69.
218 1125 306 1177 Locus
319 1123 482 1193 inquinatus.

99 1213 191 1265 Oxon.
422 1213 652 1282 ——inipso

169 1300 297 1354 Venturam
309 1300 434 1372 crebroque
441 1300 511 1353 diem.

98 1389 198 1442 Colon.
219 1399 346 1441 uenturam
365 1387 450 1441 crebra
468 1388 536 1443 diem.
575 1387 627 1451 Sed
647 1387 710 1456 quid
730 1388 831 1442 multat
857 1388 909 1442 alis

98 1477 154 1530 alii.
198 1478 338 1530 Nos-cum
356 1474 450 1529 Lefeb.
471 1487 597 1530 uenturam
614 1478 669 1530 coeli
691 1477 782 1530 rabiem
799 1477 906 1547 reponi·
970 1538 971 1541 Ἴ

99 1583 170 1620 mus.
194 1566 217 1618 E
232 1565 310 1635 Virg.
325 1564 393 1618 AEn.
409 1566 444 1618 V.
461 1571 522 1618 802.
541 1564 597 1617 vid.
609 1573 741 1618 nostrum.
754 1581 783 1618 v.
798 1568 860 1631 630.

397 1722 513 1776 LIBER
530 1723 615 1775 XIII.

120 1847 163 1883 ·v.
179 1847 205 1896 5.
226 1829 317 1903 Tutia]
339 1830 381 1885 Sic
400 1830 464 1883 Put.
479 1839 506 1882 et
527 1828 579 1882 Ed.
594 1827 790 1900 Pomp.-Liv.
812 1827 840 1882 in
858 1845 906 1882 ve-

99 1919 152 1971 teri
169 1917 240 1971 libro
260 1917 361 1989 Sigonii
382 1919 491 1970 XXVI.
508 1935 550 1970 11.
589 1917 661 1970 Aliis
679 1915 797 1988 antiquis
819 1915 907 1980 Tucia,

105 2006 205 2060 Tuscia.
227 2004 421 2059 recentioribus
433 2005 523 2058 Turia.

136 2110 181 2159 5¹·
201 2094 244 2146 sed
260 2110 324 2146 cum
341 2092 544 2164 vulg.-Drak.
556 2110 615 2145 -nam
626 2109 659 2145 ex
673 2092 788 2163 scriptis.
808 2091 909 2146 Probat

99 2180 195 2235 Lefeb.
211 2181 255 2248 qui
270 2200 325 2234 nam
337 2181 409 2234 idem
416 2179 462 2234 hic
475 2179 624 2250 significare
635 2197 666 2234 ac
676 2200 714 2246 en,
727 2200 785 2245 ecce,
799 2191 829 2234 ut
840 2197 911 2251 saepc

98 2269 127 2323 in
140 2269 265 2341 Virgilio,
276 2269 424 2323 contendit.
550 2265 553 2269 ⁴

134 2362 179 2424 67.
199 2357 252 2410 Hic
262 2373 356 2410 versus
364 2366 451 2410 exstat
460 2356 487 2410 in
497 2357 622 2411 omnibus
632 2355 762 2427 antiquis.
795 2359 908 2428 Suspec-

97 2454 144 2498 tus
156 2453 198 2497 est
210 2442 385 2496 nihilominus
397 2443 519 2496 Heinsio.
557 2441 685 2496 Defendit
698 2441 792 2495 Lefeb.

136 2538 198 2597 148.
218 2550 246 2583 cn
258 2548 321 2585 cum
333 2531 556 2586 Luem—eodo.
568 2531 632 2584 Put.
642 2529 705 2584 Col.
717 2540 745 2583 et
757 2530 808 2584 Ed.
817 2531 908 2585 Andr.

97 2629 130 2674 et.
160 2617 220 2671 Alii
232 2637 271 2671 ac.

138 2727 198 2775 151.
220 2709 266 2762 huc
279 2717 350 2763 recte
361 2708 431 2762 Cod.
446 2709 510 2761 Put.
541 2707 618 2761 Male
630 2706 688 2761 aliis
700 2707 766 2761 huic.

140 2805 199 2867 1⁶5.
221 2801 306 2855 vibrat
317 2800 399 2871 paulo
411 2811 472 2854 ante
492 2799 639 2871 praecessit.
661 2814 741 2867 quare
761 2798 839 2851 librat
857 2798 913 2865 hic,

99 2906 155 2943 non
167 2888 262 2953 vibrat,
282 2906 345 2942 cum
357 2888 451 2942 Heins.
464 2900 492 2943 et
505 2887 591 2944 Drak.
606 2886 732 2959 legimus.
769 2887 821 2940 Hae
832 2893 912 2942 voces

102 2992 174 3047 saepe
187 2986 400 3030 commutantur.
