2010 3450
313 248 403 291 unm
422 250 476 290 xv.
495 260 498 265 ⁴
513 250 542 288 ν.
558 252 705 303 175-204.
859 255 909 304 ¹45

102 351 227 426 Apparet
238 352 327 426 collis,
339 353 500 425 fugiuntque
510 354 537 407 in
550 355 642 409 nubila
653 353 728 407 silvae

102 441 233 513 Pyrenes:
252 453 318 495 tunc
329 441 474 512 Emporia,
486 453 641 511 veteresque
651 459 700 513 per
710 452 785 496 ortus

100 531 252 598 Grajorum
263 530 372 600 vulgus,
385 540 451 584 tunc
462 531 566 599 hospita
576 532 697 584 Tarraco
710 530 825 585 Baccho.

101 618 255 673 Considunt
266 629 357 689 portu.
377 636 475 683 securae
489 620 594 691 gurgite
606 620 696 673 clauso

99 708 175 761 Stant
187 722 307 777 puppes:
325 707 479 774 positusque
489 706 567 760 labor
577 717 717 778 terrorque
729 706 865 778 profundi.

98 795 161 848 Nox
175 793 273 846 similes
284 794 364 846 morti
375 794 484 847 dederat
496 793 671 863 placidissima
682 812 802 848 somnos:

99 881 163 935 Visa
174 882 236 935 viro
248 892 317 935 stare
328 883 425 952 effigies
436 893 497 935 ante
508 900 555 934 ora
566 883 691 952 parentis,

99 969 193 1035 Atque
203 968 254 1023 hac
266 980 374 1039 aspectu
385 969 525 1022 turbatum
537 986 602 1022 voce
615 987 735 1023 monere:

99 1057 179 1119 Nate,
192 1055 264 1108 salus
276 1057 414 1126 quondam
425 1056 562 1126 genitoris,
576 1069 646 1122 nate,
659 1057 774 1127 parentis

100 1142 136 1196 Et
146 1154 208 1212 post
219 1143 275 1196 fata
286 1145 376 1208 decus,
389 1144 524 1198 bellorum
535 1145 594 1198 dira
604 1145 719 1200 creatrix

93 1225 254 1286 ·Evastanda
265 1232 314 1285 tibi
324 1232 414 1298 tellus,
427 1244 453 1286 et
464 1235 537 1288 caede
549 1235 657 1305 superbi

101 1321 234 1374 Ductores
248 1321 340 1390 Libyae
351 1333 430 1375 cauta
441 1323 541 1376 virtute
553 1323 688 1388 domandi,

101 1411 156 1484 Qi
169 1427 216 1465 sua
228 1429 299 1466 nunc
311 1412 388 1465 trinis
399 1411 530 1466 diducunt
540 1412 645 1482 agmina
653 1413 756 1466 castris.

101 1500 127 1553 Si
137 1499 263 1559 conferre
274 1517 385 1552 manum
396 1499 487 1565 libeat,
500 1511 647 1570 coeantque
656 1511 758 1554 vocatae

99 1588 170 1643 Hinc
182 1597 261 1656 atque
273 1587 334 1640 hinc
346 1587 423 1653 acies,
436 1587 524 1641 valeat
535 1588 595 1658 quis
606 1588 676 1641 ferre
688 1600 809 1659 ruentes*

99 1675 264 1746 Tergemina
276 1693 338 1730 cum
350 1675 521 1729 molevirost
542 1677 652 1729 Absiste
663 1677 755 1730 labore

101 1761 233 1831 Ancipiti,
247 1762 355 1815 sednec
367 1761 453 1832 segnis
465 1761 569 1831 potiora
579 1779 695 1832 capesse.

99 1849 173 1904 Urbs
183 1848 302 1914 collitur,
315 1849 425 1903 Teucro
437 1849 571 1920 quondam
583 1850 694 1907 fundata
705 1863 822 1918 vetusto,

100 1935 216 1990 Nomine
230 1934 379 2004 Karthago.
400 1935 503 2004 Tyrius
514 1945 586 1988 tenet
598 1936 684 1990 incola
697 1956 798 1992 muros.

100 2022 137 2075 Ut
149 2020 244 2089 Libyae,
256 2036 313 2084 sua,
325 2020 362 2073 sic
375 2021 452 2073 terris
464 2020 637 2074 memorabile
649 2023 734 2076 Iberis

100 2111 166 2164 Haec
177 2119 258 2178 caput
271 2118 320 2161 est.
339 2126 392 2161 non
402 2108 458 2161 ulla
469 2108 565 2179 opibus
577 2109 718 2162 certaverit
729 2111 798 2176 auri,

100 2201 162 2254 Non
174 2208 267 2268 portu,
279 2197 383 2250 celsoue
395 2196 458 2261 situ,
473 2213 526 2248 non
538 2195 646 2248 dotibus
658 2196 716 2249 arvi

100 2289 208 2354 Uberis,
221 2298 270 2342 aut
281 2287 344 2357 agili
356 2284 511 2339 fabricanda
521 2285 555 2338 ad
567 2285 621 2338 tela
632 2283 735 2353 vigore.

100 2378 203 2435 Invade
214 2375 325 2440 aversis,
339 2384 409 2439 nate,
419 2374 487 2426 hanc
499 2373 656 2426 ductoribus
668 2373 774 2425 urbem.

99 2463 183 2520 Nulla
195 2463 265 2516 acies
278 2462 356 2515 famae
367 2471 473 2514 tanturn
485 2461 617 2529 praedaeve
629 2458 741 2530 pararit.

101 2551 180 2606 Talia
191 2551 358 2605 monstrabat
369 2549 483 2621 genitor,
496 2549 659 2618 propiusque
670 2548 811 2614 monebat,

101 2640 171 2694 Cum
181 2640 312 2706 juvenem
324 2656 405 2708 sopor
416 2647 444 2690 et
456 2636 557 2706 dilapsa
568 2636 674 2704 reliquit
686 2636 783 2707 imago.

101 2726 202 2796 Surgit,
215 2735 242 2778 et
255 2716 370 2777 infernis'
377 2723 524 2776 habitantia
536 2721 645 2775 numina
655 2720 722 2774 lucis

102 2816 143 2868 Ac
156 2814 272 2886 supplex
284 2813 384 2884 patrios
395 2811 538 2882 compellat
549 2812 656 2865 nomine
666 2826 766 2864 manes.

100 2901 163 2957 Este
174 2902 259 2957 duces
270 2901 353 2972 bello,
366 2911 393 2956 et
404 2909 579 2956 monstratam
590 2900 679 2956 ducite
690 2899 725 2954 ad
736 2899 845 2972 urbem:

136 3007 264 3055 tou-11.
547 3005 564 3045 Ι.
