2010 3450
190 293 280 337 uss!
298 292 379 334 mu·-
416 293 448 332 v.
462 290 610 344 ιτς-104.
758 295 806 333 sor

69 406 318 470 enar-nouapompa
328 396 391 466 Jovi
399 417 413 450 :⁴
423 396 563 468 Karthago
575 396 679 450 laboret

69 488 146 560 epidi
158 486 339 542 Hasdrubalis
346 485 406 554 <qui
417 501 509 543 rerum
522 483 630 556 agitdrit
641 482 771 551 habenas)

72 596 126 632 una
136 594 264 632 concussa
274 575 348 647 fuga.
368 578 410 641 Se,
420 577 500 629 triste
511 577 632 647 profatu,

69 683 114 732 see,
125 666 250 721 arderent
260 681 325 719 curn
332 663 399 719 bina
409 663 438 716 in
447 673 525 717 nocte
537 664 624 717 silenti

69 772 105 820 ra,
117 754 257 809 eolucern
271 752 404 807 sceleratis
416 750 512 804 Africa
526 751 651 805 flammis.

69 843 185 914 apidurn
194 844 322 910 juvenem
327 838 459 903 minitari,
471 839 577 893 Bruttia
588 847 677 892 servet

69 949 93 985 ra
103 930 169 983 dum
181 928 488 992 Poenum-detracturum
499 926 607 996 ignibus
617 925 693 992 atris,

69 1036 128 1074 uam
137 1035 167 1072 se
177 1001 286 1082 referat,
298 1016 421 1087 patriam,
434 1032 532 1083 susque
545 1013 636 1068 inclita
645 1015 726 1069 facta.

77 1106 310 1179 postquamdicta,
322 1115 349 1159 et
360 1121 436 1158 castis
448 1114 559 1174 patuere
572 1112 723 1172 metusque,

70 1195 152 1249 ndunt
163 1193 294 1258 lactinae,
306 1193 481 1262 dextramque
493 1201 524 1244 ut
537 1207 637 1245 numen
647 1191 772 1247 adorant.

70 1287 117 1343 ivit
128 1296 208 1340 torvo
219 1285 317 1338 obtutu
325 1283 438 1348 defixus,
451 1293 478 1336 et
492 1299 564 1352 aegra

70 1373 137 1428 rodit
148 1372 226 1428 tacite
236 1389 302 1426 cora
313 1380 403 1426 secum
413 1371 470 1440 ipse
481 1370 617 1439 volutans,
653 1426 655 1430 Α

70 1461 130 1516 anti
140 1462 281 1534 Karthago
292 1461 376 1515 foret:
397 1460 434 1514 sic
445 1459 542 1513 deinde
553 1460 692 1530 profatur:

70 1540 255 1606 eumenidum
264 1549 439 1604 mortalibus!
460 1566 478 1602 o
490 1548 557 1602 nihil
569 1566 687 1616 unquam

70 1656 141 1705 cere,
155 1656 204 1693 nec
215 1656 324 1710 magnas
336 1639 439 1711 patiens
450 1654 594 1708 exsurgere
606 1637 709 1703 laudes,

70 1728 123 1783 dial
143 1728 272 1782 Eversam
281 1727 453 1798 jampridem
465 1727 620 1781 exscindere
632 1728 758 1795 Romam,

70 1830 97 1868 re
109 1813 227 1886 aqudsse
239 1815 296 1869 solo
306 1815 394 1886 potui,
407 1815 546 1870 traducere
557 1828 664 1888 captam

70 1903 141 1956 itum
152 1910 268 1973 gentem,
283 1902 411 1971 Latioque
422 1902 560 1973 imponere
572 1903 654 1976 leges.

70 2007 81 2043 1
92 2000 206 2055 sumtus,
219 1988 337 2059 dumque
349 2007 424 2043 arma
434 1991 506 2056 duci,
520 1990 655 2060 fessosque
667 1992 788 2049 secundis

70 2075 142 2129 nisso
154 2075 241 2130 tirone
252 2084 350 2148 negant
360 2091 480 2130 recreare
493 2077 633 2149 maniplos,

70 2181 133 2232 nque
145 2164 225 2220 etiam
236 2164 335 2219 Cerere
347 2174 374 2218 et
385 2163 460 2219 victu
472 2164 610 2220 frauddsse
621 2167 746 2221 cohortes

70 2252 130 2306 noni
143 2252 240 2323 placet,
252 2253 375 2308 induitur
385 2263 442 2307 tota
453 2253 550 2308 Africa
561 2255 690 2309 flammis:

71 2350 99 2394 at
111 2341 265 2411 Agenoreas
275 2341 400 2396 Rhoeteia
412 2341 503 2395 lancea
514 2326 615 2413 portas.

72 2444 88 2482 c
100 2427 195 2498 patriae
204 2429 295 2495 decus,
307 2440 335 2482 et
347 2427 442 2501 patriae
450 2447 524 2484 nunc
537 2430 672 2484 Hannibal
683 2447 754 2485 unus

70 2516 178 2570 sidium:
200 2518 308 2573 nuncin
320 2529 411 2572 nostra
423 2535 482 2587 spes
493 2518 588 2573 ultima
599 2521 704 2574 dextra.

71 2614 157 2658 {entur
168 2604 251 2676 signa,
266 2617 295 2660 ut
307 2607 399 2660 Patres
410 2617 540 2674 statuere;
555 2608 688 2678 simulque

71 2690 150 2751 »atriae
161 2708 263 2759 muros,
276 2704 303 2746 et
315 2703 341 2746 te
353 2694 528 2759 servabimus,
542 2696 668 2748 Hannon.

71 2797 76 2834 :
89 2780 137 2834 ubi
148 2780 281 2848 detonuit,
294 2782 376 2836 celsas
386 2800 402 2836 e
414 2784 492 2839 litore
502 2799 606 2854 puppes

71 2867 151 2940 ¹pellit,
162 2868 331 2939 multumque
342 2888 449 2941 gemens
461 2881 552 2926 movet
561 2889 668 2942 aequore
680 2871 799 2930 classem.

71 2992 73 3010 .
85 2966 162 3030 terga
174 2966 214 3012 est
225 2975 305 3015 ausus
315 2961 459 3018 cedentum
470 2961 597 3020 invadere
608 2962 758 3036 quisquam,
