2010 3450
268 284 357 335 erati
376 285 435 334 xtr.
453 283 661 350 ‘vim-⁶²42
836 296 872 356 ης

56 403 95 457 Ut
107 400 304 472 verntmpulso
315 400 455 469 patefacta
465 400 574 453 cardine
584 409 680 470 portae,
759 426 764 434 ·
819 433 823 441 -

56 493 93 545 Et
105 489 185 544 simul
195 490 286 561 erupit
295 489 395 555 junctis
407 489 541 543 exercitus
553 490 645 554 armis,

56 579 194 635 Funditur
205 578 344 631 immixtus
355 577 456 648 gemitu
468 578 645 648 precibusque
657 594 706 647 per
717 576 785 631 altos

56 667 104 720 Ad
116 667 218 720 coelum
232 683 325 719 muros
334 665 458 737 plangor,
471 681 623 735 sparsaeque
634 665 729 719 solutis

57 752 188 805 Crinibus
199 751 342 804 exululant
354 763 463 815 matres,
476 763 554 819 atque
567 751 652 804 ubera
663 749 776 803 nudant.

55 841 170 895 Fulvius
179 840 336 895 antevolans
348 858 452 913 agmen,
467 841 537 914 Qis
548 841 656 905 nesciat,
670 840 767 907 inquit,

55 930 119 983 Non
131 940 226 1000 sponte
237 929 272 982 ad
284 942 388 983 nostros
399 931 514 982 Poenum
526 929 630 983 venisse
643 936 764 1000 penates?

56 1021 87 1072 A
97 1019 182 1089 portis
193 1019 264 1090 fugit
276 1008 388 1092 Capua.
410 1021 573 1073 subnectere
585 1019 664 1089 plura

57 1109 210 1162 Conantem
222 1109 306 1162 tristis
317 1109 380 1164 coeli
391 1126 455 1163 eum
467 1124 606 1161 murmure
619 1118 694 1161 vasto

54 1199 196 1254 Turbavit
207 1198 309 1269 fragor,
323 1208 350 1250 et
361 1189 450 1251 subita
462 1197 496 1250 de
509 1197 581 1249 nube
592 1197 728 1267 procellae.

55 1289 171 1358 Jupiter,
186 1288 350 1357 AEthiopum
362 1302 482 1340 remeans
495 1285 601 1350 tellure,
617 1286 762 1339 minantem

56 1376 196 1429 Romuleo
207 1375 324 1433 Poenum
336 1384 368 1427 ut
379 1371 448 1427 vidit
460 1375 601 1428 succedere
613 1373 697 1438 vallo,

59 1463 197 1517 Coelicolis
209 1463 308 1533 raptim
320 1461 422 1527 excitis,
435 1462 579 1515 defendere
591 1471 660 1515 tecta

57 1555 195 1620 Dardana,
207 1563 235 1607 et
247 1553 274 1606 in
288 1564 389 1624 septem
401 1552 550 1607 discurrere
559 1552 675 1617 jusserat
686 1567 769 1605 arces.

17 1704 20 1708 ,
58 1644 145 1713 lpsee
161 1643 284 1711 Tarpejo
297 1641 420 1695 sublimis
430 1641 531 1694 vertice
542 1651 648 1704 cuncta,

56 1731 94 1784 Et
105 1742 203 1785 ventos
214 1730 305 1794 simul,
316 1741 343 1783 et
355 1731 449 1792 nubes,
462 1739 489 1782 et
501 1728 637 1800 grandinis
647 1729 709 1792 iras,

57 1819 287 1888 Fulutinaque,'et
298 1817 423 1883 tonitrus,
434 1828 460 1870 et
473 1817 576 1870 nimbos
588 1819 690 1871 conciet
702 1829 784 1872 atros.

58 1908 191 1962 Concussi
202 1919 339 1961 tremuere
351 1906 416 1976 poli,
429 1906 583 1974 coelumque
596 1907 711 1962 tenebris

57 1996 214 2063 Clauditur,
228 2007 255 2049 et
267 2006 352 2049 terras
363 1983 434 2049 caeco
447 2012 500 2048 nox
514 1997 605 2048 condit
617 1999 728 2051 amictu.

56 2088 143 2141 Instat
155 2096 298 2157 tempestas
309 2085 403 2150 oculis,
418 2085 542 2155 hostique
554 2087 704 2155 propinquo
777 2083 779 2088 ’

57 2178 147 2231 Roma
158 2176 233 2230 latet.
250 2177 330 2243 jactae
341 2175 368 2228 in
381 2185 484 2229 turmas
494 2191 543 2245 per
555 2173 649 2227 nubila
660 2175 776 2229 flammae

58 2269 209 2322 stridorem
222 2275 338 2330 servant,
351 2264 532 2335 membrisque
545 2263 660 2317 insibilat
672 2263 750 2334 ignis.

57 2357 128 2411 Hinc
139 2358 238 2420 Notus,
252 2355 315 2408 hinc
328 2355 435 2418 Boreas,
450 2354 512 2407 hinc
525 2353 605 2407 fuscis
617 2352 728 2406 Africus
739 2352 787 2405 alis

59 2446 134 2501 Bella
146 2453 268 2507 movent,
283 2445 388 2513 quantis
400 2444 502 2496 animos
513 2454 540 2496 et
552 2453 660 2513 pectora
672 2442 774 2512 possint

57 2536 123 2589 Irati
136 2535 232 2589 satiare
241 2533 327 2602 Jovis.
348 2534 409 2587 fluit
419 2550 514 2603 agmen
527 2549 668 2600 aquarum,

58 2622 185 2678 Turbine
196 2621 342 2676 confusum
354 2620 428 2690 piceo
440 2632 467 2673 et
479 2621 601 2690 nigrante
613 2620 740 2689 procella,

60 2715 152 2781 Atque
163 2725 259 2764 omnes
270 2702 340 2761 circa
351 2725 459 2780 campos
473 2707 658 2778 spumantibus
670 2707 750 2762 undis

60 2798 191 2853 Involvit.
211 2795 299 2851 celsus
312 2812 416 2849 summo
428 2796 461 2849 de
475 2795 591 2849 culmine
604 2796 701 2848 montis

60 2885 201 2957 Regnator
212 2881 347 2952 Superum
358 2883 464 2936 sublata
476 2881 590 2935 fulmina
601 2881 698 2937 dextra

60 2972 192 3040 Libravit,
206 2960 348 3045 clipeoque
359 2971 446 3040 ducis,
461 2987 515 3024 nou
526 2971 625 3032 cedere:
632 2972 710 3038 certi,
