2010 3450
103 275 150 324 itt
302 280 391 322 trust
411 279 478 321 xvi.
514 280 544 318 v⁴
554 267 703 335 565-594.

98 384 285 457 Indibilisque,
298 386 345 439 diu
358 387 438 440 laetus
446 384 548 438 bellare
561 383 672 448 Latinis,

98 477 160 543 Jam
172 475 267 539 socius,
280 475 459 545 volucresque
472 492 554 545 vagas
564 466 728 544 deprendere
740 473 812 529 nube

102 564 235 616 Assuetus
244 561 350 627 jaculis,
364 562 434 614 idem
446 573 473 615 et
484 560 609 626 bellator,
623 561 737 614 Ilerdes.

102 648 173 700 Laus
187 647 266 700 Burri
278 648 373 718 prima,
386 647 473 710 infixit
486 647 532 716 qui
544 647 645 717 spicula
657 657 754 712 metae3

102 735 152 787 Est
163 736 265 788 donum
277 753 364 800 serva,
377 735 496 787 albentes
508 720 642 787 inuertere
653 732 728 786 lanas

104 823 212 877 Murice
225 822 336 879 Gaetulo
347 823 434 880 docta.
455 825 505 888 At,
518 839 598 890 quem
610 820 734 892 proxima
746 820 880 875 honorant

104 908 227 973 Praemia,
239 909 355 964 vicinam
366 921 446 962 metae
457 909 504 979 qni
516 908 637 980 propulit
648 908 763 974 hastam,

104 997 226 1066 Accepto
238 995 317 1049 laetus
329 1012 413 1066 puero
425 996 543 1052 discessit
555 996 668 1061 Ilerdes,

106 1083 158 1136 Cui
171 1081 260 1146 ludus,
275 1081 376 1137 nullam
387 1099 468 1136 cursu
480 1101 534 1136 non
546 1083 641 1137 tollere
651 1084 769 1139 damam.

104 1171 199 1224 Tertia
212 1170 299 1240 palma
310 1169 403 1223 habuit
415 1171 534 1241 geminos
545 1169 655 1240 insignis
666 1173 808 1224 Aconteus

105 1259 162 1313 Nec
174 1258 281 1313 timidos
291 1257 390 1330 agitare
402 1276 481 1313 canes
491 1257 632 1313 latratibus
639 1275 749 1329 aprum.

107 1350 183 1418 Qos
195 1358 336 1416 postquam
347 1347 449 1400 clamor
460 1345 621 1416 plaususque
632 1345 759 1415 probavit
770 1345 906 1408 honores'

107 1436 261 1487 Germanus
272 1434 347 1488 ducis
358 1443 437 1502 atque
449 1433 578 1504 effulgens
591 1432 692 1486 Laelius
703 1441 778 1485 ostro

106 1520 224 1577 Nomina
235 1539 330 1593 magna
342 1532 438 1576 vocant
449 1521 504 1574 laeti
516 1538 659 1590 manesque
667 1521 817 1586 jacentum,

108 1610 200 1677 Atque
212 1607 299 1660 hastas
310 1606 389 1660 simul
400 1607 553 1661 effundunt.
573 1605 708 1662 celebrare
717 1607 831 1671 juvabat

108 1697 228 1749 Sacratos
239 1696 348 1760 cineres,
362 1705 441 1763 atque
452 1695 502 1754 hoc
514 1696 594 1750 decus
605 1694 703 1751 addere
715 1693 795 1748 ludis.

107 1787 169 1855 Ipse
181 1785 270 1850 etiarn,
283 1785 378 1845 mentis
390 1795 501 1847 testatus
512 1784 607 1855 gandia
619 1783 709 1849 vultu,

109 1872 224 1936 Ductor,
237 1883 268 1924 ut
280 1873 395 1940 aequavit
408 1871 508 1932 meritis
519 1870 563 1939 pia
575 1880 682 1941 pectora
693 1870 781 1937 donis,

109 1959 145 2012 Et
158 1959 240 2013 frater
252 1960 360 2013 thoraca
372 1959 435 2012 tulit
448 1952 602 2028 multiplicis
612 1958 682 2023 auri,

109 2046 209 2102 Laelius
221 2047 349 2106 Asturica
360 2046 466 2118 rapidos
478 2047 511 2100 de
522 2055 601 2117 gente
609 2047 725 2118 jugales,

110 2136 277 2204 Contorquet
289 2136 391 2207 magnis
403 2135 541 2190 victricem
551 2134 655 2190 viribus
665 2135 769 2191 hastam

110 2225 291 2295 consurgens,
305 2223 459 2294 umbrisque
471 2223 529 2277 dari
540 2234 653 2278 testatur
664 2225 805 2286 honorem,

110 2315 193 2366 Hasta
202 2311 295 2369 volans
309 2313 420 2382 (mirum
433 2312 534 2379 dictut)
550 2313 637 2365 medio
648 2312 729 2366 incita
740 2304 835 2388 campa

111 2401 235 2456 Substitit
246 2412 307 2456 ante
318 2401 420 2467 oculos,
433 2410 460 2456 et
473 2411 550 2454 terrae
562 2400 643 2458 infixa
651 2402 772 2456 cohaesit.

110 2493 187 2546 Tum
199 2491 293 2545 subitae
305 2491 422 2556 frondes,
437 2490 558 2559 celsoque
571 2490 709 2545 cacumine
721 2491 799 2556 rami,

111 2581 164 2646 Fit,
177 2581 259 2634 latam
271 2596 395 2649 spargens
408 2596 530 2650 quercus,
541 2580 607 2632 dum
620 2578 747 2646 nascitur,
762 2578 885 2632 umbram

111 2670 159 2722 Ad
172 2660 273 2735 majora
281 2668 378 2737 jubent
390 2668 501 2738 praesagi
514 2668 621 2721 tendere
632 2676 714 2721 vates.

111 2757 145 2809 Id
157 2767 305 2809 monstrare
318 2757 399 2821 Deos,
413 2768 493 2830 atque
505 2757 555 2809 hoc
567 2757 727 2826 portendere
740 2753 824 2828 siguo.

112 2849 176 2918 Qo
188 2860 268 2914 super
279 2843 401 2914 augurio,
416 2843 497 2914 pulsis
509 2843 542 2896 de
554 2842 634 2896 litore
646 2843 748 2897 cunctis
798 2894 802 2901 ,

111 2934 240 3007 Hesperio
254 2931 352 3008 Poenis,
369 2932 443 2989 ultor
453 2931 598 3007 patriaeque
610 2932 769 3006 domusque
