2010 3450
119 296 169 346 170
335 289 424 332 creet
443 288 511 330 xvi.
547 289 576 326 v.
592 291 704 342 25-54·

118 396 256 456 Auriferis
264 395 373 451 tandem
385 393 498 448 Phoenix
510 393 638 464 depulsus
647 396 683 448 ab
695 394 776 450 arvis.

117 491 179 558 Jam
190 489 286 558 Mago,
299 493 396 539 exutus
407 482 509 544 castris,
521 480 640 552 agitante
650 482 751 553 p‘avore

118 580 152 631 In
165 577 278 645 Libyam
289 588 406 645 propero
417 569 531 623 tramisit
543 568 643 624 caerula
653 569 726 624 velo.

119 664 188 719 Ecce
200 661 275 716 aliud
286 662 378 725 decus,
390 658 464 714 haud
474 673 529 710 uno
541 667 666 711 contenta
678 657 781 725 favore,

118 750 246 807 Nutribat
259 751 377 802 Fortuna
389 744 461 799 duci.
480 762 543 799 nam
553 745 674 800 concitus
685 747 801 801 Hannon

119 840 304 904 Adventabat‚
316 854 397 908 agens
407 835 598 905 crepitantibus
610 836 717 909 agmina
728 839 808 893 cetris

120 927 247 991 Barbara,
260 936 287 980 et
298 925 434 996 indigenas
447 939 522 977 serua
534 923 656 994 raptabat
668 925 774 980 iberos.

119 1015 182 1069 Non
194 1030 246 1078 ars,
259 1020 305 1066 aut
316 1021 389 1066 astus
399 1008 475 1076 belli,
488 1011 532 1065 vel
544 1011 656 1065 dextera
666 1013 768 1078 deerat,

120 1102 147 1153 Si
160 1118 213 1154 non
226 1099 354 1169 Scipiadae
364 1108 546 1152 concurreret.
565 1098 657 1152 omnia
668 1099 768 1154 duoeor

119 1189 224 1260 Magna
234 1187 300 1242 adeo
313 1185 452 1240 Ausonius
463 1184 559 1251 majori
570 1185 641 1239 mole
653 1186 804 1259 premebat.

119 1278 158 1330 Ut
170 1276 271 1330 Phoebe
281 1274 379 1340 stelias,
393 1284 425 1327 ut
436 1273 528 1328 fratris
539 1273 643 1328 lumina
655 1274 777 1329 Phoeben

119 1365 300 1436 Exsuperant,
314 1374 470 1435 montesque
479 1363 568 1431 Atlas,
580 1374 608 1418 et
620 1365 733 1418 flumina
743 1365 834 1431 Nilus,

120 1456 157 1509 Ut
170 1465 246 1526 pater
254 1455 378 1507 Oceanus
389 1452 525 1521 Neptunia
536 1451 638 1507 caeruia
646 1452 741 1507 vincit.

119 1541 271 1596 Vallantem
281 1551 367 1594 castra
380 1540 509 1610 (obscuro
521 1557 584 1594 nam
595 1556 692 1610 vesper
703 1540 824 1612 Olympo

120 1629 243 1683 Fundere
255 1644 309 1680 non
322 1644 426 1697 aequam
437 1626 582 1696 trepidanti
593 1639 713 1699 coepetat
722 1628 860 1697 umbram)

120 1715 289 1788 Aggreditur
300 1714 392 1767 Latius
403 1725 501 1780 rector,
516 1715 656 1786 subitoque
667 1716 789 1771 tumultu
846 1699 853 1712 ¹⁸

120 1805 271 1858 Caeduntur
279 1803 376 1873 passim
388 1804 470 1874 coepti
481 1806 630 1860 munimina
642 1807 707 1860 valli

119 1891 290 1962 imperfecta.
310 1893 539 1962 Supercontexere
551 1894 664 1949 herbida
674 1895 763 1965 lapsos

119 1981 250 2044 Pondera‚
263 1990 290 2033 et
302 1979 329 2032 in
342 1979 440 2032 tumuli
450 1982 580 2035 concessit
591 1998 682 2053 cespes
693 1983 834 2038 honorem.

118 2068 173 2120 Vix
186 2067 233 2120 uni
243 2083 317 2119 mens
328 2066 410 2138 digna
419 2067 489 2132 viro,
503 2068 607 2122 novisse
618 2070 734 2125 minores

120 2160 210 2231 Qam
221 2155 324 2219 deceat,
337 2154 507 2226 pretiumque
519 2158 607 2226 operis
620 2158 652 2210 ait
663 2158 770 2212 tradere
782 2160 869 2216 famae.

120 2245 255 2299 Cantaber
265 2242 372 2314 ingenio
384 2244 568 2298 membrorum
576 2256 604 2298 et
615 2244 687 2298 mote
698 2245 788 2301 timeri

118 2334 170 2388 Vei
183 2334 271 2387 nudus
283 2332 342 2386 telis
353 2342 459 2403 poterat
469 2333 565 2387 Iamo.
585 2334 629 2388 hic
641 2334 699 2389 fera
710 2337 799 2408 gentis

119 2423 202 2475 More
212 2421 362 2491 securigera
373 2420 499 2473 miscebat
510 2420 606 2490 proelia
615 2421 721 2476 dextra.

119 2510 165 2576 Et,
178 2526 332 2581 quanquam
345 2508 423 2562 fundi
435 2525 463 2562 se
472 2507 575 2563 circum
587 2510 666 2579 pulta
673 2509 779 2566 videret

120 2599 249 2671 Agmina,
262 2596 348 2651 deleta
359 2597 465 2668 gentilis
477 2597 549 2665 pube
561 2608 686 2664 catervae,

118 2690 258 2741 Caesorum
269 2685 399 2755 implebat
409 2684 482 2738 aolus
495 2684 566 2738 loca:
588 2701 635 2738 seu
647 2685 719 2740 soret
730 2685 813 2740 hostia

119 2774 286 2838 Comminus,
295 2773 400 2842 expleri
410 2772 543 2844 gaudebat
554 2771 668 2826 vulnere
680 2773 775 2828 frontis
794 2786 797 2791 '

118 2863 266 2916 Adversae:
283 2878 330 2914 seu
341 2861 410 2914 laeva
421 2861 489 2915 acies
499 2860 526 2913 in
538 2860 611 2914 bella
622 2873 742 2929 vocaret,

117 2949 236 3019 Obiiquo
247 2947 331 3004 telum
340 2949 471 3004 reflexum
483 2950 577 3003 Marte
586 2950 702 3005 rorabat.
