2010 3450
288 273 381 315 usin
398 272 469 317 xm.
505 264 697 330 ullu-683.
849 282 896 332 ยนโฐ3

89 377 156 453 Qis
164 388 203 444 te,
216 394 277 432 care
289 387 375 449 pater,
388 396 442 448 quo
454 379 558 435 stabant
571 381 640 435 Itala
650 398 741 452 regna,

87 468 194 522 Exosus
205 467 316 521 Iasium
328 468 403 521 Deus
413 467 539 523 abstulit?
558 469 693 524 heimihil
714 486 777 524 nam
787 486 838 525 cur

87 556 150 610 Ulla
161 555 241 610 fuere
250 555 329 621 adeo,
343 555 439 625 quibua
449 574 466 611 a
478 567 506 610 te
517 573 604 612 saevus
615 557 744 623 abessem,

88 645 248 700 Momenta?
265 645 389 717 opposito
398 644 546 700 mutassem
555 658 664 718 pectore
674 658 800 702 mortem.

88 741 213 810 Qantos
225 732 367 787 funeribus
378 733 473 788 vestris
482 751 548 805 gens
559 734 629 788 Itala
639 735 736 806 passim

88 824 141 876 Dat
154 823 287 894 geminis!
304 821 428 875 tumulus
439 821 526 887 vobis,
538 832 661 876 censente
675 824 782 887 Senatu,

86 911 225 966 Mavortis
233 909 357 982 geminus
368 911 454 981 surgit
465 928 514 982 per
525 911 646 983 gramina
657 928 760 981 campo.
814 956 832 975 ,

86 999 142 1055 Nec
153 998 226 1070 passi
238 997 327 1068 plura,
340 997 367 1051 in
380 998 467 1051 medlo
478 1015 601 1052 sermone
612 997 746 1070 loquentis

87 1087 128 1142 stc
138 1087 207 1141 adeo
219 1085 361 1154 incipiunt.
381 1085 460 1140 Prior
471 1087 529 1140 haec
540 1087 665 1158 genitoris
676 1089 780 1159 imago:

86 1178 147 1247 Ipsa
159 1176 269 1245 quidem
280 1174 369 1228 virtus
379 1175 485 1229 sibimet
496 1176 676 1246 pulcherrima
683 1195 794 1244 merces,

80 1250 174 1319 Dulce
187 1274 278 1318 tumn
289 1263 365 1316 venit
376 1265 411 1318 ad
423 1282 522 1329 nunes,
534 1281 597 1319 cum
607 1266 692 1337 gratia
703 1267 766 1321 vitae

86 1356 175 1410 Durat
186 1356 259 1426 apud
272 1370 392 1424 superos,
405 1372 453 1407 nec
463 1356 548 1408 edunt
558 1354 658 1408 oblivia
669 1355 786 1410 laudem.

84 1444 188 1498 Verum
199 1460 259 1514 age,
273 1442 339 1507 fare,
353 1442 433 1496 decus
445 1454 578 1508 nostrum,
591 1452 618 1495 te
629 1454 730 1514 quanta
741 1443 833 1515 fatiget

85 1532 196 1586 lvfilitia.
215 1533 288 1596 Heu,
300 1531 405 1600 quoties
415 1531 497 1585 intrat
508 1548 567 1585 mea
579 1542 686 1602 pectora
697 1541 794 1596 terror,

84 1621 156 1675 Cum
167 1631 272 1690 repeto,
285 1637 368 1689 quam
378 1635 466 1675 saevus
478 1637 531 1684 eas,
542 1619 588 1674 ubi
599 1636 696 1689 magna
708 1619 807 1690 pericla

85 1707 254 1778 Contingunt
263 1705 327 1759 tibil
350 1706 402 1758 Per
414 1706 508 1771 nostri,
522 1705 674 1771 fortissime,
687 1706 735 1759 leti

83 1797 213 1850 Obtestor
226 1811 340 1859 caussas,
353 1795 453 1847 Martis
465 1788 603 1848 moderare
615 1795 711 1849 furori.

83 1884 127 1937 Sat
138 1881 188 1937 ribi
202 1881 254 1934 sint
265 1882 426 1934 documenta
436 1882 542 1934 domus.
562 1883 665 1934 Octava
676 1882 778 1936 terebat

82 1971 217 2023 Arentem
227 1965 324 2020 culmis
335 1983 448 2019 messem
459 1968 651 2037 crepitantibus
664 1978 748 2033 aestas,

82 2058 124 2112 Ex
136 2075 191 2126 quo
203 2065 301 2110 cuncta
311 2055 377 2109 milii
387 2055 498 2122 calcata,
511 2073 624 2127 meoque
635 2056 742 2110 subibat

82 2149 222 2202 Germano
232 2146 336 2198 devexa
344 2145 442 2216 jugum
452 2144 589 2198 Tartessia
599 2143 689 2198 tellus.

81 2237 136 2291 Nos
148 2234 256 2288 miserae
267 2236 359 2287 muros
370 2244 398 2287 et
410 2243 481 2288 tecta
492 2243 582 2286 renata
594 2235 723 2304 Sagunto,

80 2327 135 2380 Nos
145 2325 271 2378 dedimus
284 2323 370 2377 Baetin
380 2323 456 2377 nullo
467 2332 560 2394 potare
572 2323 623 2377 sub
634 2321 721 2375 hoste.

80 2413 165 2468 Nobis
174 2413 323 2467 indomitus
335 2412 468 2465 convertit
479 2423 572 2483 terque
585 2421 733 2482 quaterque
790 2450 795 2457 .

81 2502 236 2556 Germanus
247 2511 323 2570 terga
334 2500 502 2554 Hannibalis.
521 2501 576 2554 Pro
586 2498 701 2553 barbara
711 2516 848 2569 nunquam

81 2589 228 2660 lmpolluta
239 2588 316 2642 fides!
337 2590 457 2642 Peterem
468 2606 531 2643 cum
540 2589 628 2642 victor
638 2585 749 2642 adesum

82 2677 210 2732 Cladibus
222 2677 434 2743 Hasdrubalem
452 2677 541 2730 subito
551 2674 655 2738 venale,
666 2674 790 2732 cohortes

81 2765 216 2836 Hispanae,
229 2763 338 2834 vulgus,
351 2764 444 2834 Libyci
456 2781 520 2833 quas
532 2763 631 2817 iecerat
643 2761 701 2812 auri

81 2853 242 2918 Hasdrubal,
254 2853 371 2922 abrupto
382 2853 517 2921 liquerunt
527 2851 633 2924 agmine
645 2848 728 2920 signa.

82 2939 157 2998 Tunc
168 2938 256 2998 hostis
268 2940 340 2996 socio
350 2941 469 2998 desertos
480 2940 574 3010 milite,
586 2939 705 2996 multum
