2010 3450
112 282 145 352 ⁷⁰³
316 288 406 335 mam
425 287 483 333 ru.
518 288 549 327 v.
563 281 715 342 gog-534:

115 400 196 458 litun
208 400 274 456 bunt
284 410 377 454 omnes
388 397 478 451 abiere
490 391 556 466 doli.
567 391 730 446 ‹Defendere
739 394 819 449 nubis

114 490 142 544 Si
154 488 274 561 Capuam
283 496 409 559 ereptum
419 494 469 549 est,
483 481 592 537 dabitur
601 480 770 539 circumdare
782 484 910 541 usnam.

115 582 180 636 llaec
192 589 333 650 postquam
344 574 449 647 placita,
463 583 490 627 et
501 570 587 626 tenuit
599 571 730 625 sententia
740 583 870 640 mentem,

113 669 177 725 Non
187 673 350 738 exspectato,
360 663 450 740 *Titan
461 662 528 714 (lum
535 659 644 731 gurgite
656 658 747 714 lucem

117 756 252 825 spirantes
261 752 395 824 proferret
405 764 499 820 equum
513 747 628 818 impellit
639 746 667 801 in
675 759 773 819 agnren

117 844 191 898 Voce
202 857 337 913 manuque
347 839 431 903 viros,
443 847 471 890 et
481 846 569 906 coepts
580 833 707 888 immania
717 832 829 904 pandite

118 929 212 1002 Perge,
225 945 286 1001 age,
297 927 373 981 vinee
384 937 502 988 omnem,
516 922 601 988 miles,
614 923 716 976 virtute
728 921 867 990 laborem

119 1015 165 1081 Et,
179 1027 307 1084 quantum
319 1011 429 1067 hununi
441 1021 590 1081 pessumae
603 1011 712 1064 tendere
723 1026 828 1082 passus,

121 1106 233 1160 Arduus
243 1105 374 1160 aebelerar
391 1104 507 1158 Romam
518 1101 597 1174 petie.
617 1101 668 1157 hoe
678 1102 730 1156 iter
742 1102 841 1174 Alpes,

121 1189 181 1249 lloc
193 1196 293 1248 Cannae
306 1204 425 1248 stravere
437 1190 504 1244 tibi·
516 1189 577 1257 Eia,
590 1189 680 1244 incute
691 1189 777 1244 muris

119 1281 272 1338 Umbenem
284 1281 380 1345 Iliacis,
391 1280 545 1351 Capuaeque
556 1278 672 1350 repende
684 1278 793 1344 ruinss5

13 1387 16 1394 ¹
121 1372 212 1446 Qam
220 1369 285 1422 tanti
297 1368 378 1423 fuerit
390 1367 494 1432 cadere,
507 1377 539 1420 ut
549 1366 651 1421 Palatia
660 1382 763 1431 cernas,

119 1457 157 1511 Et
168 1457 359 1528 demigrantem
370 1455 488 1526 Tarpeja
499 1455 560 1509 sede
572 1457 736 1510 Tonantem.

120 1545 245 1600 Instincti
256 1545 406 1618 glomerant
417 1560 532 1616 gressus.
552 1545 640 1599 Roma
650 1545 760 1599 auribus
772 1542 868 1612 haeret,

122 1635 211 1688 Roma
221 1634 316 1688 oculis.
336 1633 513 1705 creduntque
525 1634 600 1689 ducis
612 1633 764 1687 sollertibus
774 1632 842 1688 actis

123 1722 223 1793 Aptius
234 1723 262 1775 id
273 1732 403 1794 coeptum,
415 1738 498 1794 quam
510 1724 531 1777 sl
542 1723 661 1777 duxisset
673 1723 707 1777 ab
719 1722 777 1794 ipso

122 1811 206 1867 Fatali
219 1813 347 1868 AEneadis
359 1828 464 1884 campo.
484 1814 621 1868 Vulturna
633 1815 714 1869 citata

122 1901 321 1955 Transmittunt
332 1900 395 1954 alno
406 1902 484 1966 vada,
498 1903 678 1973 postremique
690 1902 845 1972 relinquunt

122 1989 275 2043 Tardandis
287 1987 361 2042 Italis
373 2000 513 2061 corruptas
525 1990 587 2061 igne
598 1991 709 2045 carinas.

25 2143 27 2149 λ
122 2077 199 2131 Tum
210 2076 324 2132 Sidicina
334 2076 429 2150 legunt
440 2077 592 2148 pernicibus
603 2095 668 2132 arva
681 2077 814 2148 maniplis,

122 2164 329 2236 Threiciamque
338 2165 433 2229 Calen,
446 2178 547 2220 vestras
559 2185 575 2219 a
587 2167 694 2220 nomine
705 2167 770 2232 nati,

124 2251 256 2322 Orithyia,
270 2253 374 2306 domos.
394 2252 456 2308 hinc
469 2254 607 2308 Allifanus
618 2254 717 2309 laccho

124 2340 345 2394 Haud-inamatus
356 2357 428 2411 ager,
442 2342 628 2412 Nymphisque
639 2342 757 2397 habitata
770 2342 876 2397 Casinis

125 2426 202 2480 Rura
212 2437 382 2480 evastantur:
403 2444 467 2481 mox
479 2440 506 2482 et
518 2430 623 2484 vicinus
635 2431 769 2502 Aquinas,

125 2515 171 2579 Et,
184 2532 246 2586 quae
257 2515 406 2569 fumantem
416 2527 507 2571 texere
519 2518 636 2590 giganta,
651 2518 782 2591 Fregellae

126 2604 244 2674 Agmine
253 2614 403 2675 carpuntur
414 2605 528 2659 volucri.
550 2606 601 2660 fert
612 2607 731 2661 concitus
742 2607 806 2660 inde

127 2694 178 2746 Per
182 2694 249 2762 juga
256 2693 326 2747 celsa
336 2693 459 2764 gradum,
473 2695 548 2748 duris
559 2713 613 2767 qua
625 2697 736 2767 rupibus
747 2697 833 2751 haeret

126 2777 379 2846 bellator—Frusino,
390 2792 418 2834 et
429 2784 514 2854 surgit
525 2799 649 2854 suspensa
660 2784 775 2838 tumenti

126 2867 215 2922 Dorso
227 2868 363 2940 frugiferis
376 2869 495 2925 Cerealis
506 2872 631 2944 Anagnia
641 2871 736 2944 glebis.

125 2957 238 3028 Jamque
249 2957 315 3010 adeo
327 2968 368 3011 est
377 2973 485 3030 campos
497 2960 630 3035 ingressus
640 2970 667 3014 et
678 2974 744 3014 arva
756 2959 859 3030 Labici,

53 3132 130 3248 Ἰ
