2010 3450
311 276 401 318 niort
420 277 475 317 xv.
511 276 540 314 v.
554 268 702 328 ass-384»
795 307 801 322 ,
859 282 904 330 151

104 383 204 449 Vincis,
217 381 265 447 ait,
279 391 384 435 nostros
396 381 518 435 mirando
527 379 623 434 ardore
635 379 751 451 vigorosi
800 396 803 402 ·

103 470 140 524 Sit
148 479 330 542 praematurus
341 469 405 525 felix
418 469 505 523 labor.
525 468 600 522 Urbe
613 469 705 523 Sicana

103 559 219 633 Qalem
231 570 257 613 te
270 558 336 622 vidi,
350 559 470 612 nondum
480 558 646 628 permitteret
660 569 723 611 aetas

102 647 173 701 Cum
184 647 234 700 tibi
246 645 326 710 bella,
339 662 399 699 meo
409 656 567 698 tractantem
578 645 675 715 proelia
687 645 776 698 vultu.

100 736 172 799 Huc,
184 734 277 798 decus,
290 733 354 797 huc,
368 741 501 799 nostrum,
513 733 590 787 lateri
602 744 628 786 te
637 734 722 805 junge
732 744 852 805 patemo,

99 824 135 878 Et
145 841 189 878 me
201 825 273 878 disce
285 840 386 878 novum
397 824 517 877 Martem
530 834 632 876 tentare
643 825 780 894 magistro.

99 915 184 976 Tum,
197 911 275 982 pueri
286 911 355 967 colla
367 912 538 982 amplectens,
553 911 589 967 sic
602 896 685 982 pau'ca
696 923 835 983 precatum

99 1002 206 1057 Summe
220 999 321 1064 Deilm,
336 1000 447 1070 Libyco,
460 1000 540 1064 faxis,
553 1001 586 1053 de
597 1001 708 1070 praeside
721 1019 792 1056 nunc
804 1002 856 1066 his,

98 1090 146 1144 His
158 1088 279 1144 humeris
288 1089 336 1142 tibi
348 1089 437 1158 opima
447 1088 542 1156 seran).
562 1092 619 1144 Nec
630 1091 719 1160 plura,
733 1107 827 1146 sereno

99 1179 261 1252 Sanguineos
273 1176 342 1231 fudit
354 1196 417 1232 cum
429 1177 536 1247 Jupiter
549 1178 646 1232 aethere
658 1195 741 1242 rores,

98 1273 191 1340 Atque
203 1269 268 1322 atris
280 1286 355 1324 arma
366 1268 476 1338 aspersit
488 1285 541 1321 non
553 1282 681 1337 prospera
691 1264 784 1336 guttis.

96 1359 219 1417 Vixdum
230 1357 310 1413 linitis
321 1355 452 1415 intrarant
463 1355 575 1410 vocibus
586 1364 673 1408 arctas

97 1445 208 1500 Letiferi
217 1444 291 1499 collis
304 1444 402 1508 fauces,
416 1459 479 1497 cum
491 1443 570 1496 turba
581 1441 701 1495 volucris

96 1534 233 1586 Invadunt
245 1531 378 1585 Nomades
386 1529 491 1596 jaculis,
505 1529 651 1599 nimboque
663 1527 790 1583 feruntur

95 1621 228 1675 AEthereo
239 1618 347 1684 similes,
359 1635 430 1671 caeca
441 1617 570 1671 fundente
582 1616 686 1670 latebra
787 1638 795 1652 ·

95 1711 226 1763 Armatus
235 1708 262 1760 in
273 1706 345 1760 bella
355 1705 459 1776 globos.
477 1705 650 1758 Circumdata
662 1715 802 1776 postquam

94 1796 139 1852 Nil
152 1805 253 1849 restare
263 1793 337 1846 videt
348 1793 444 1858 virtus,
457 1794 529 1863 quod
541 1793 637 1845 debeat
649 1792 723 1847 ultra

93 1888 154 1955 Jam
167 1883 285 1955 Superis,
298 1899 426 1953 magnum
440 1899 529 1935 secum
539 1892 646 1952 portare
659 1883 708 1935 sub
720 1883 831 1939 umbras

94 1976 200 2031 Nomen
212 1971 305 2026 mortis
316 1981 387 2024 avet.
408 1981 487 2024 tortae
500 1987 571 2024 nunc
583 1971 687 2024 eminus
698 1971 782 2024 hasta

94 2063 188 2118 Altius
198 2061 322 2132 insurgit,
334 2077 406 2114 nunc
419 2059 494 2112 saevit
505 2059 657 2113 comminus
668 2076 741 2114 ense.

94 2153 194 2206 Forsan
206 2159 233 2204 et
241 2147 345 2205 enasset
357 2148 442 2217 rapidi
455 2148 524 2201 freta
532 2164 603 2200 saeva
615 2146 718 2217 pericli,

94 2237 129 2292 Nl
141 2236 227 2292 telum
236 2236 361 2289 adversos
373 2235 428 2289 nati
438 2234 554 2288 venisset
565 2235 592 2286 in
604 2244 690 2288 artus.

93 2326 168 2380 Tum
179 2325 275 2396 patriae
286 2335 420 2377 tremuere
431 2341 535 2388 manus,
548 2322 689 2390 laxataque
700 2320 777 2378 luctu

93 2413 244 2468 Fluxerunt
256 2411 348 2482 rigidis
359 2428 433 2464 arma
444 2410 559 2464 infelicia
571 2409 675 2480 palmis.

92 2502 181 2556 Obvia
192 2500 325 2554 nudatum
337 2500 461 2553 tramittit
473 2499 564 2553 lancea
575 2508 678 2570 pectus,

92 2588 250 2659 labensque
261 2587 390 2657 impresso
402 2589 515 2659 signavit
525 2587 647 2658 gramina
658 2594 759 2640 mento.

92 2679 129 2731 At
140 2689 284 2750 postquam
296 2676 397 2747 Tyrius
410 2695 480 2731 saeva
491 2677 560 2730 inter
571 2674 666 2746 proelia
677 2674 774 2727 ductor

90 2763 208 2820 infixum
219 2764 334 2818 adverso
345 2766 412 2819 vidit
423 2767 473 2819 sub
485 2775 592 2835 pectore
602 2762 698 2825 telum,

90 2853 210 2909 lmmane
222 2853 369 2908 exclamat:
388 2855 485 2921 Latias,
500 2854 648 2924 Karthago,
661 2851 756 2906 timere

91 2942 188 3002 Desine
197 2944 258 3012 jam
269 2941 355 3017 leges:
370 2944 441 3013 jacet
450 2942 585 3002 exitiabile
597 2956 706 3008 nomen,
