<?xml version="1.0" encoding="UTF-8"?>
<!DOCTYPE html PUBLIC "-//W3C//DTD XHTML 1.0 Transitional//EN"
    "http://www.w3.org/TR/xhtml1/DTD/xhtml1-transitional.dtd">
<html xmlns="http://www.w3.org/1999/xhtml" xml:lang="en" lang="en">
 <head>
  <title>
</title>
<meta http-equiv="Content-Type" content="text/html;charset=utf-8" />
  <meta name='ocr-system' content='tesseract 3.04.00' />
  <meta name='ocr-capabilities' content='ocr_page ocr_carea ocr_par ocr_line ocrx_word'/>
</head>
<body>
  <div class='ocr_page' id='page_1' title='image "./cajisiliiitalic00unkngoog_0033.png"; bbox 0 0 2010 3450; ppageno 0'>
   <div class='ocr_carea' id='block_1_1' title="bbox 98 285 686 350">
    <p class='ocr_par' dir='ltr' id='par_1_1' title="bbox 98 285 686 350">
     <span class='ocr_line' id='line_1_1' title="bbox 98 285 686 350; baseline -0.005 -12"><span class='ocrx_word' id='word_1_1' title='bbox 98 301 136 349; x_wconf 59' lang='lat' dir='ltr'>aa</span> <span class='ocrx_word' id='word_1_2' title='bbox 309 291 399 340; x_wconf 75' lang='lat' dir='ltr'>arata</span> <span class='ocrx_word' id='word_1_3' title='bbox 418 297 459 337; x_wconf 29' lang='lat' dir='ltr'>aas</span> <span class='ocrx_word' id='word_1_4' title='bbox 485 285 686 350; x_wconf 53' lang='lat' dir='ltr'>ustae-⁶654.-</span> 
     </span>
    </p>
   </div>
   <div class='ocr_carea' id='block_1_2' title="bbox 51 401 909 3038">
    <p class='ocr_par' dir='ltr' id='par_1_2' title="bbox 98 401 909 2674">
     <span class='ocr_line' id='line_1_2' title="bbox 98 401 909 478; baseline -0.001 -24"><span class='ocrx_word' id='word_1_5' title='bbox 98 402 224 459; x_wconf 78' lang='lat' dir='ltr'><strong>Pectora:</strong></span> <span class='ocrx_word' id='word_1_6' title='bbox 236 420 316 458; x_wconf 84' lang='lat' dir='ltr'>nunc</span> <span class='ocrx_word' id='word_1_7' title='bbox 328 403 375 457; x_wconf 84' lang='lat' dir='ltr'>fati</span> <span class='ocrx_word' id='word_1_8' title='bbox 387 402 502 467; x_wconf 78' lang='lat' dir='ltr'>miseret,</span> <span class='ocrx_word' id='word_1_9' title='bbox 516 417 588 455; x_wconf 90' lang='lat' dir='ltr'>nunc</span> <span class='ocrx_word' id='word_1_10' title='bbox 596 401 697 472; x_wconf 77' lang='lat' dir='ltr'>‘gaudia</span> <span class='ocrx_word' id='word_1_11' title='bbox 709 401 794 454; x_wconf 85' lang='lat' dir='ltr'>Poeno</span> <span class='ocrx_word' id='word_1_12' title='bbox 820 409 827 478; x_wconf 73' lang='lat' dir='ltr'><em>J</em></span> <span class='ocrx_word' id='word_1_13' title='bbox 903 418 909 443; x_wconf 59' lang='grc' dir='ltr'>ι</span> 
     </span>
     <span class='ocr_line' id='line_1_3' title="bbox 100 489 774 565; baseline 0.001 -23"><span class='ocrx_word' id='word_1_14' title='bbox 100 490 263 565; x_wconf 78' lang='lat' dir='ltr'>Consulibus</span> <span class='ocrx_word' id='word_1_15' title='bbox 273 501 397 560; x_wconf 83' lang='lat' dir='ltr'>reputant</span> <span class='ocrx_word' id='word_1_16' title='bbox 408 489 482 544; x_wconf 83' lang='lat' dir='ltr'>caesis</span> <span class='ocrx_word' id='word_1_17' title='bbox 492 499 583 560; x_wconf 91' lang='lat' dir='ltr'>erepta</span> <span class='ocrx_word' id='word_1_18' title='bbox 593 491 710 543; x_wconf 90' lang='lat' dir='ltr'>duobus.</span> <span class='ocrx_word' id='word_1_19' title='bbox 744 513 748 521; x_wconf 82' lang='grc'><em>·</em></span> <span class='ocrx_word' id='word_1_20' title='bbox 773 517 774 525; x_wconf 43' lang='lat'>¹</span> 
     </span>
     <span class='ocr_line' id='line_1_4' title="bbox 99 577 810 650; baseline -0.004 -18"><span class='ocrx_word' id='word_1_21' title='bbox 99 578 174 650; x_wconf 88' lang='lat' dir='ltr'>Ergo</span> <span class='ocrx_word' id='word_1_22' title='bbox 185 597 264 634; x_wconf 87' lang='lat' dir='ltr'>omne</span> <span class='ocrx_word' id='word_1_23' title='bbox 274 580 385 634; x_wconf 87' lang='lat' dir='ltr'>effundit</span> <span class='ocrx_word' id='word_1_24' title='bbox 396 579 477 650; x_wconf 91' lang='lat' dir='ltr'>longo</span> <span class='ocrx_word' id='word_1_25' title='bbox 485 579 542 644; x_wconf 87' lang='lat' dir='ltr'>jam</span> <span class='ocrx_word' id='word_1_26' title='bbox 554 595 581 631; x_wconf 87' lang='lat' dir='ltr'>se</span> <span class='ocrx_word' id='word_1_27' title='bbox 592 578 697 648; x_wconf 88' lang='lat' dir='ltr'>agmine</span> <span class='ocrx_word' id='word_1_28' title='bbox 709 577 810 649; x_wconf 89' lang='lat' dir='ltr'>vulgus</span> 
     </span>
     <span class='ocr_line' id='line_1_5' title="bbox 100 668 798 739; baseline -0.003 -19"><span class='ocrx_word' id='word_1_29' title='bbox 100 669 434 739; x_wconf 66' lang='lat' dir='ltr'>Gratantum‚,magnaque</span> <span class='ocrx_word' id='word_1_30' title='bbox 446 677 536 720; x_wconf 89' lang='lat' dir='ltr'>actum</span> <span class='ocrx_word' id='word_1_31' title='bbox 548 683 575 718; x_wconf 91' lang='lat' dir='ltr'>se</span> <span class='ocrx_word' id='word_1_32' title='bbox 586 668 695 720; x_wconf 90' lang='lat' dir='ltr'>credere</span> <span class='ocrx_word' id='word_1_33' title='bbox 708 676 798 719; x_wconf 87' lang='lat' dir='ltr'>mente</span> 
     </span>
     <span class='ocr_line' id='line_1_6' title="bbox 99 755 812 827; baseline -0.004 -18"><span class='ocrx_word' id='word_1_34' title='bbox 99 757 256 822; x_wconf 86' lang='lat' dir='ltr'>Testantur‚</span> <span class='ocrx_word' id='word_1_35' title='bbox 269 759 357 827; x_wconf 74' lang='lat' dir='ltr'>quod‚·¹</span> <span class='ocrx_word' id='word_1_36' title='bbox 365 757 427 810; x_wconf 87' lang='lat' dir='ltr'>fisus</span> <span class='ocrx_word' id='word_1_37' title='bbox 439 756 496 810; x_wconf 86' lang='lat' dir='ltr'>avis</span> <span class='ocrx_word' id='word_1_38' title='bbox 507 755 669 824; x_wconf 86' lang='lat' dir='ltr'>sceptrisque</span> <span class='ocrx_word' id='word_1_39' title='bbox 681 755 812 824; x_wconf 83' lang='lat' dir='ltr'>superbis,</span> 
     </span>
     <span class='ocr_line' id='line_1_7' title="bbox 103 841 702 915; baseline -0.005 -17"><span class='ocrx_word' id='word_1_40' title='bbox 103 844 359 898; x_wconf 78' lang='lat' dir='ltr'>Laomedontiadum</span> <span class='ocrx_word' id='word_1_41' title='bbox 370 862 423 898; x_wconf 89' lang='lat' dir='ltr'>non</span> <span class='ocrx_word' id='word_1_42' title='bbox 434 843 616 915; x_wconf 84' lang='lat' dir='ltr'>desperaverit</span> <span class='ocrx_word' id='word_1_43' title='bbox 629 841 702 896; x_wconf 87' lang='lat' dir='ltr'>urbi.</span> 
     </span>
     <span class='ocr_line' id='line_1_8' title="bbox 100 932 742 1002; baseline -0.003 -16"><span class='ocrx_word' id='word_1_44' title='bbox 100 933 159 986; x_wconf 89' lang='lat' dir='ltr'>Nec</span> <span class='ocrx_word' id='word_1_45' title='bbox 170 933 256 986; x_wconf 91' lang='lat' dir='ltr'>minus</span> <span class='ocrx_word' id='word_1_46' title='bbox 268 933 360 987; x_wconf 86' lang='lat' dir='ltr'>infelix</span> <span class='ocrx_word' id='word_1_47' title='bbox 372 932 468 1002; x_wconf 83' lang='lat' dir='ltr'>culpae,</span> <span class='ocrx_word' id='word_1_48' title='bbox 480 932 626 1002; x_wconf 86' lang='lat' dir='ltr'>grandique</span> <span class='ocrx_word' id='word_1_49' title='bbox 638 933 742 1000; x_wconf 90' lang='lat' dir='ltr'>pudore</span> 
     </span>
     <span class='ocr_line' id='line_1_9' title="bbox 101 1019 827 1089; baseline 0 -17"><span class='ocrx_word' id='word_1_50' title='bbox 101 1019 250 1085; x_wconf 85' lang='lat' dir='ltr'>Turbatus,</span> <span class='ocrx_word' id='word_1_51' title='bbox 265 1020 368 1074; x_wconf 88' lang='lat' dir='ltr'>Consul</span> <span class='ocrx_word' id='word_1_52' title='bbox 379 1020 539 1073; x_wconf 86' lang='lat' dir='ltr'>titubantem</span> <span class='ocrx_word' id='word_1_53' title='bbox 550 1020 584 1072; x_wconf 90' lang='lat' dir='ltr'>ad</span> <span class='ocrx_word' id='word_1_54' title='bbox 596 1019 693 1072; x_wconf 86' lang='lat' dir='ltr'>moenia</span> <span class='ocrx_word' id='word_1_55' title='bbox 705 1034 827 1089; x_wconf 87' lang='lat' dir='ltr'>gressum</span> 
     </span>
     <span class='ocr_line' id='line_1_10' title="bbox 100 1107 805 1179; baseline 0 -19"><span class='ocrx_word' id='word_1_56' title='bbox 100 1108 229 1179; x_wconf 77' lang='lat' dir='ltr'>Portabat¹</span> <span class='ocrx_word' id='word_1_57' title='bbox 238 1109 391 1163; x_wconf 79' lang='lat' dir='ltr'>lacrimansr</span> <span class='ocrx_word' id='word_1_58' title='bbox 410 1109 544 1174; x_wconf 88' lang='lat' dir='ltr'>dejectum</span> <span class='ocrx_word' id='word_1_59' title='bbox 554 1107 675 1161; x_wconf 90' lang='lat' dir='ltr'>attollere</span> <span class='ocrx_word' id='word_1_60' title='bbox 687 1107 805 1171; x_wconf 89' lang='lat' dir='ltr'>vultum,</span> 
     </span>
     <span class='ocr_line' id='line_1_11' title="bbox 102 1193 814 1269; baseline 0 -23"><span class='ocrx_word' id='word_1_61' title='bbox 102 1195 146 1246; x_wconf 90' lang='lat' dir='ltr'>Ac</span> <span class='ocrx_word' id='word_1_62' title='bbox 158 1197 270 1269; x_wconf 83' lang='lat' dir='ltr'>patriam</span> <span class='ocrx_word' id='word_1_63' title='bbox 280 1197 405 1267; x_wconf 87' lang='lat' dir='ltr'>aspicere,</span> <span class='ocrx_word' id='word_1_64' title='bbox 417 1207 444 1247; x_wconf 94' lang='lat' dir='ltr'>et</span> <span class='ocrx_word' id='word_1_65' title='bbox 455 1195 544 1248; x_wconf 92' lang='lat' dir='ltr'>luctus</span> <span class='ocrx_word' id='word_1_66' title='bbox 555 1211 683 1247; x_wconf 89' lang='lat' dir='ltr'>renovare</span> <span class='ocrx_word' id='word_1_67' title='bbox 695 1193 814 1264; x_wconf 88' lang='lat' dir='ltr'>pigebat.</span> 
     </span>
     <span class='ocr_line' id='line_1_12' title="bbox 103 1282 815 1358; baseline -0.004 -21"><span class='ocrx_word' id='word_1_68' title='bbox 103 1286 185 1358; x_wconf 83' lang='lat' dir='ltr'>Qod</span> <span class='ocrx_word' id='word_1_69' title='bbox 197 1301 262 1338; x_wconf 88' lang='lat' dir='ltr'>vero</span> <span class='ocrx_word' id='word_1_70' title='bbox 275 1285 366 1337; x_wconf 89' lang='lat' dir='ltr'>reduci</span> <span class='ocrx_word' id='word_1_71' title='bbox 377 1295 436 1336; x_wconf 88' lang='lat' dir='ltr'>turn</span> <span class='ocrx_word' id='word_1_72' title='bbox 449 1300 475 1335; x_wconf 92' lang='lat' dir='ltr'>se</span> <span class='ocrx_word' id='word_1_73' title='bbox 486 1282 656 1353; x_wconf 93' lang='lat' dir='ltr'>populusque</span> <span class='ocrx_word' id='word_1_74' title='bbox 669 1283 815 1352; x_wconf 89' lang='lat' dir='ltr'>Patresque</span> 
     </span>
     <span class='ocr_line' id='line_1_13' title="bbox 101 1372 708 1443; baseline 0 -19"><span class='ocrx_word' id='word_1_75' title='bbox 101 1372 246 1437; x_wconf 87' lang='lat' dir='ltr'>Offerrent,</span> <span class='ocrx_word' id='word_1_76' title='bbox 259 1390 312 1426; x_wconf 92' lang='lat' dir='ltr'>non</span> <span class='ocrx_word' id='word_1_77' title='bbox 323 1373 422 1443; x_wconf 83' lang='lat' dir='ltr'>gratari</span> <span class='ocrx_word' id='word_1_78' title='bbox 429 1391 439 1435; x_wconf 78' lang='lat'><em>3</em></span> <span class='ocrx_word' id='word_1_79' title='bbox 458 1372 503 1424; x_wconf 87' lang='lat' dir='ltr'>sed</span> <span class='ocrx_word' id='word_1_80' title='bbox 514 1389 621 1442; x_wconf 87' lang='lat' dir='ltr'>poscere</span> <span class='ocrx_word' id='word_1_81' title='bbox 634 1383 708 1425; x_wconf 89' lang='lat' dir='ltr'>natos</span> 
     </span>
     <span class='ocr_line' id='line_1_14' title="bbox 102 1458 906 1535; baseline 0.006 -25"><span class='ocrx_word' id='word_1_82' title='bbox 102 1459 307 1535; x_wconf 77' lang='lat' dir='ltr'>Qisquesuos,</span> <span class='ocrx_word' id='word_1_83' title='bbox 318 1459 467 1529; x_wconf 88' lang='lat' dir='ltr'>fratresque</span> <span class='ocrx_word' id='word_1_84' title='bbox 479 1458 568 1523; x_wconf 88' lang='lat' dir='ltr'>simul,</span> <span class='ocrx_word' id='word_1_85' title='bbox 582 1459 738 1530; x_wconf 86' lang='lat' dir='ltr'>miseraeque</span> <span class='ocrx_word' id='word_1_86' title='bbox 751 1468 874 1532; x_wconf 81' lang='lat' dir='ltr'>parentes</span> <span class='ocrx_word' id='word_1_87' title='bbox 904 1471 906 1475; x_wconf 57' lang='lat'><strong><em>⁴</em></strong></span> 
     </span>
     <span class='ocr_line' id='line_1_15' title="bbox 102 1548 721 1623; baseline 0.005 -24"><span class='ocrx_word' id='word_1_88' title='bbox 102 1550 148 1600; x_wconf 93' lang='lat' dir='ltr'>Ire</span> <span class='ocrx_word' id='word_1_89' title='bbox 157 1549 319 1605; x_wconf 89' lang='lat' dir='ltr'>videbantur</span> <span class='ocrx_word' id='word_1_90' title='bbox 330 1548 470 1623; x_wconf 84' lang='lat' dir='ltr'>laceranda¹</span> <span class='ocrx_word' id='word_1_91' title='bbox 480 1549 514 1601; x_wconf 88' lang='lat' dir='ltr'>ad</span> <span class='ocrx_word' id='word_1_92' title='bbox 528 1548 653 1601; x_wconf 89' lang='lat' dir='ltr'>Consulis</span> <span class='ocrx_word' id='word_1_93' title='bbox 664 1566 721 1602; x_wconf 91' lang='lat' dir='ltr'>ora.</span> 
     </span>
     <span class='ocr_line' id='line_1_16' title="bbox 102 1635 716 1707; baseline 0.005 -20"><span class='ocrx_word' id='word_1_94' title='bbox 102 1635 144 1690; x_wconf 91' lang='lat' dir='ltr'>Sic</span> <span class='ocrx_word' id='word_1_95' title='bbox 155 1635 238 1707; x_wconf 86' lang='lat' dir='ltr'>igitur</span> <span class='ocrx_word' id='word_1_96' title='bbox 249 1636 324 1689; x_wconf 95' lang='lat' dir='ltr'>nullo</span> <span class='ocrx_word' id='word_1_97' title='bbox 335 1637 428 1691; x_wconf 87' lang='lat' dir='ltr'>lictore</span> <span class='ocrx_word' id='word_1_98' title='bbox 440 1637 560 1690; x_wconf 89' lang='lat' dir='ltr'>invectus</span> <span class='ocrx_word' id='word_1_99' title='bbox 570 1636 600 1689; x_wconf 92' lang='lat' dir='ltr'>in</span> <span class='ocrx_word' id='word_1_100' title='bbox 609 1637 716 1703; x_wconf 85' lang='lat' dir='ltr'>urbem,</span> 
     </span>
     <span class='ocr_line' id='line_1_17' title="bbox 103 1723 744 1796; baseline 0.003 -20"><span class='ocrx_word' id='word_1_101' title='bbox 103 1723 268 1777; x_wconf 88' lang='lat' dir='ltr'>Damnatum</span> <span class='ocrx_word' id='word_1_102' title='bbox 281 1723 389 1796; x_wconf 87' lang='lat' dir='ltr'>Superis</span> <span class='ocrx_word' id='word_1_103' title='bbox 400 1725 591 1793; x_wconf 88' lang='lat' dir='ltr'>aspernabatur</span> <span class='ocrx_word' id='word_1_104' title='bbox 603 1724 744 1778; x_wconf 86' lang='lat' dir='ltr'>honorem.</span> 
     </span>
     <span class='ocr_line' id='line_1_18' title="bbox 101 1809 868 1880; baseline 0.005 -19"><span class='ocrx_word' id='word_1_105' title='bbox 101 1809 142 1861; x_wconf 90' lang='lat' dir='ltr'>At</span> <span class='ocrx_word' id='word_1_106' title='bbox 155 1809 246 1863; x_wconf 74' lang='lat' dir='ltr'>Patres</span> <span class='ocrx_word' id='word_1_107' title='bbox 257 1811 415 1879; x_wconf 89' lang='lat' dir='ltr'>Fabiusque,</span> <span class='ocrx_word' id='word_1_108' title='bbox 428 1810 523 1880; x_wconf 88' lang='lat' dir='ltr'>procul</span> <span class='ocrx_word' id='word_1_109' title='bbox 536 1827 651 1863; x_wconf 88' lang='lat' dir='ltr'>moerore</span> <span class='ocrx_word' id='word_1_110' title='bbox 664 1820 779 1878; x_wconf 86' lang='lat' dir='ltr'>remoto,</span> <span class='ocrx_word' id='word_1_111' title='bbox 865 1818 868 1823; x_wconf 89' lang='lat'>&#39;</span> 
     </span>
     <span class='ocr_line' id='line_1_19' title="bbox 100 1896 756 1968; baseline 0.008 -20"><span class='ocrx_word' id='word_1_112' title='bbox 100 1896 270 1967; x_wconf 88' lang='lat' dir='ltr'>Praecipitant</span> <span class='ocrx_word' id='word_1_113' title='bbox 282 1915 368 1952; x_wconf 89' lang='lat' dir='ltr'>curas.</span> <span class='ocrx_word' id='word_1_114' title='bbox 387 1898 507 1968; x_wconf 88' lang='lat' dir='ltr'>Raptim,</span> <span class='ocrx_word' id='word_1_115' title='bbox 520 1899 623 1954; x_wconf 90' lang='lat' dir='ltr'>delecta</span> <span class='ocrx_word' id='word_1_116' title='bbox 631 1901 756 1966; x_wconf 85' lang='lat' dir='ltr'>juventa,</span> 
     </span>
     <span class='ocr_line' id='line_1_20' title="bbox 103 1984 801 2048; baseline 0.007 -12"><span class='ocrx_word' id='word_1_117' title='bbox 103 1984 215 2038; x_wconf 90' lang='lat' dir='ltr'>Servitia</span> <span class='ocrx_word' id='word_1_118' title='bbox 226 1997 378 2048; x_wconf 80' lang='lat' dir='ltr'>armantur3</span> <span class='ocrx_word' id='word_1_119' title='bbox 397 2003 445 2039; x_wconf 89' lang='lat' dir='ltr'>nee</span> <span class='ocrx_word' id='word_1_120' title='bbox 458 1986 557 2040; x_wconf 90' lang='lat' dir='ltr'>claudit</span> <span class='ocrx_word' id='word_1_121' title='bbox 569 1997 656 2041; x_wconf 89' lang='lat' dir='ltr'>castra</span> <span class='ocrx_word' id='word_1_122' title='bbox 667 1988 747 2041; x_wconf 87' lang='lat' dir='ltr'>saluti</span> <span class='ocrx_word' id='word_1_123' title='bbox 768 2031 770 2034; x_wconf 90' lang='lat'>.</span> <span class='ocrx_word' id='word_1_124' title='bbox 798 2029 801 2033; x_wconf 45' lang='lat'>&gt;</span> 
     </span>
     <span class='ocr_line' id='line_1_21' title="bbox 100 2072 765 2147; baseline 0.009 -23"><span class='ocrx_word' id='word_1_125' title='bbox 100 2072 377 2143; x_wconf 81' lang='lat' dir='ltr'>Postposituspudor.</span> <span class='ocrx_word' id='word_1_126' title='bbox 395 2073 509 2128; x_wconf 85' lang='lat' dir='ltr'>infixum</span> <span class='ocrx_word' id='word_1_127' title='bbox 521 2086 560 2128; x_wconf 92' lang='lat' dir='ltr'>est</span> <span class='ocrx_word' id='word_1_128' title='bbox 572 2075 670 2129; x_wconf 89' lang='lat' dir='ltr'>AEneia</span> <span class='ocrx_word' id='word_1_129' title='bbox 682 2093 765 2147; x_wconf 82' lang='lat' dir='ltr'>regua</span> 
     </span>
     <span class='ocr_line' id='line_1_22' title="bbox 102 2159 794 2232; baseline 0.007 -21"><span class='ocrx_word' id='word_1_130' title='bbox 102 2159 248 2215; x_wconf 55' lang='lat' dir='ltr'>Parcarum&lt;</span> <span class='ocrx_word' id='word_1_131' title='bbox 257 2159 285 2212; x_wconf 92' lang='lat' dir='ltr'>in</span> <span class='ocrx_word' id='word_1_132' title='bbox 295 2160 366 2232; x_wconf 88' lang='lat' dir='ltr'>leges</span> <span class='ocrx_word' id='word_1_133' title='bbox 379 2178 536 2232; x_wconf 90' lang='lat' dir='ltr'>quacunque</span> <span class='ocrx_word' id='word_1_134' title='bbox 549 2162 675 2216; x_wconf 91' lang='lat' dir='ltr'>reducere</span> <span class='ocrx_word' id='word_1_135' title='bbox 685 2163 794 2229; x_wconf 87' lang='lat' dir='ltr'>dextra,</span> 
     </span>
     <span class='ocr_line' id='line_1_23' title="bbox 102 2248 764 2319; baseline 0.003 -19"><span class='ocrx_word' id='word_1_136' title='bbox 102 2248 206 2315; x_wconf 91' lang='lat' dir='ltr'>Proque</span> <span class='ocrx_word' id='word_1_137' title='bbox 217 2265 277 2303; x_wconf 88' lang='lat' dir='ltr'>arce</span> <span class='ocrx_word' id='word_1_138' title='bbox 288 2260 315 2301; x_wconf 94' lang='lat' dir='ltr'>et</span> <span class='ocrx_word' id='word_1_139' title='bbox 328 2251 437 2319; x_wconf 91' lang='lat' dir='ltr'>sceptris</span> <span class='ocrx_word' id='word_1_140' title='bbox 448 2259 475 2302; x_wconf 92' lang='lat' dir='ltr'>et</span> <span class='ocrx_word' id='word_1_141' title='bbox 487 2250 616 2307; x_wconf 84' lang='lat' dir='ltr'>libertatis</span> <span class='ocrx_word' id='word_1_142' title='bbox 629 2250 731 2303; x_wconf 92' lang='lat' dir='ltr'>honore</span> <span class='ocrx_word' id='word_1_143' title='bbox 762 2250 764 2255; x_wconf 86' lang='grc'><strong>’</strong></span> 
     </span>
     <span class='ocr_line' id='line_1_24' title="bbox 102 2333 784 2399; baseline 0.007 -13"><span class='ocrx_word' id='word_1_144' title='bbox 102 2334 152 2386; x_wconf 92' lang='lat' dir='ltr'>Vel</span> <span class='ocrx_word' id='word_1_145' title='bbox 165 2333 277 2399; x_wconf 79' lang='lat' dir='ltr'>famulas</span> <span class='ocrx_word' id='word_1_146' title='bbox 288 2353 391 2389; x_wconf 89' lang='lat' dir='ltr'>armare</span> <span class='ocrx_word' id='word_1_147' title='bbox 403 2353 507 2390; x_wconf 91' lang='lat' dir='ltr'>manus.</span> <span class='ocrx_word' id='word_1_148' title='bbox 527 2338 659 2391; x_wconf 84' lang='lat' dir='ltr'>Primaeva</span> <span class='ocrx_word' id='word_1_149' title='bbox 671 2355 784 2392; x_wconf 91' lang='lat' dir='ltr'>suorum</span> 
     </span>
     <span class='ocr_line' id='line_1_25' title="bbox 103 2424 780 2496; baseline 0.009 -20"><span class='ocrx_word' id='word_1_150' title='bbox 103 2424 225 2493; x_wconf 90' lang='lat' dir='ltr'>Corpora</span> <span class='ocrx_word' id='word_1_151' title='bbox 236 2435 367 2494; x_wconf 81' lang='lat' dir='ltr'>praetexto</span> <span class='ocrx_word' id='word_1_152' title='bbox 380 2426 493 2496; x_wconf 85' lang='lat' dir='ltr'>spoliant</span> <span class='ocrx_word' id='word_1_153' title='bbox 504 2428 646 2493; x_wconf 89' lang='lat' dir='ltr'>velamine,</span> <span class='ocrx_word' id='word_1_154' title='bbox 659 2438 685 2481; x_wconf 94' lang='lat' dir='ltr'>et</span> <span class='ocrx_word' id='word_1_155' title='bbox 696 2428 780 2482; x_wconf 87' lang='lat' dir='ltr'>armis</span> 
     </span>
     <span class='ocr_line' id='line_1_26' title="bbox 101 2510 691 2584; baseline 0.01 -20"><span class='ocrx_word' id='word_1_156' title='bbox 101 2510 220 2564; x_wconf 88' lang='lat' dir='ltr'>Insolitis</span> <span class='ocrx_word' id='word_1_157' title='bbox 228 2511 349 2582; x_wconf 87' lang='lat' dir='ltr'>cingunt.</span> <span class='ocrx_word' id='word_1_158' title='bbox 367 2513 477 2584; x_wconf 87' lang='lat' dir='ltr'>puerilis</span> <span class='ocrx_word' id='word_1_159' title='bbox 489 2516 588 2570; x_wconf 87' lang='lat' dir='ltr'>casside</span> <span class='ocrx_word' id='word_1_160' title='bbox 599 2515 691 2570; x_wconf 87' lang='lat' dir='ltr'>vultus</span> 
     </span>
     <span class='ocr_line' id='line_1_27' title="bbox 104 2601 811 2674; baseline 0.008 -21"><span class='ocrx_word' id='word_1_161' title='bbox 104 2601 262 2666; x_wconf 73' lang='lat' dir='ltr'>Clauditur‚‚</span> <span class='ocrx_word' id='word_1_162' title='bbox 269 2612 347 2671; x_wconf 89' lang='lat' dir='ltr'>atque</span> <span class='ocrx_word' id='word_1_163' title='bbox 358 2604 444 2663; x_wconf 89' lang='lat' dir='ltr'>hostis</span> <span class='ocrx_word' id='word_1_164' title='bbox 455 2605 598 2674; x_wconf 92' lang='lat' dir='ltr'>pubescere</span> <span class='ocrx_word' id='word_1_165' title='bbox 610 2605 681 2658; x_wconf 88' lang='lat' dir='ltr'>caede</span> <span class='ocrx_word' id='word_1_166' title='bbox 689 2605 811 2671; x_wconf 85' lang='lat' dir='ltr'>jubetur.</span> 
     </span>
    </p>

    <p class='ocr_par' dir='ltr' id='par_1_3' title="bbox 51 2688 899 3038">
     <span class='ocr_line' id='line_1_28' title="bbox 51 2688 742 2764; baseline 0.004 -21"><span class='ocrx_word' id='word_1_167' title='bbox 51 2754 55 2763; x_wconf 90' lang='lat'><em>.</em></span> <span class='ocrx_word' id='word_1_168' title='bbox 101 2688 180 2744; x_wconf 89' lang='lat' dir='ltr'>Idem</span> <span class='ocrx_word' id='word_1_169' title='bbox 189 2689 365 2756; x_wconf 88' lang='lat' dir='ltr'>obsecrantes,</span> <span class='ocrx_word' id='word_1_170' title='bbox 375 2692 512 2764; x_wconf 88' lang='lat' dir='ltr'>captivum</span> <span class='ocrx_word' id='word_1_171' title='bbox 523 2692 623 2764; x_wconf 84' lang='lat' dir='ltr'>vulgus</span> <span class='ocrx_word' id='word_1_172' title='bbox 635 2702 665 2746; x_wconf 95' lang='lat' dir='ltr'>ut</span> <span class='ocrx_word' id='word_1_173' title='bbox 675 2710 742 2746; x_wconf 92' lang='lat' dir='ltr'>auro</span> 
     </span>
     <span class='ocr_line' id='line_1_29' title="bbox 103 2777 776 2850; baseline 0.006 -22"><span class='ocrx_word' id='word_1_174' title='bbox 103 2777 247 2829; x_wconf 83' lang='lat' dir='ltr'>Pensarent</span> <span class='ocrx_word' id='word_1_175' title='bbox 259 2782 427 2847; x_wconf 64' lang='lat' dir='ltr'>parvo„(nec</span> <span class='ocrx_word' id='word_1_176' title='bbox 437 2797 522 2850; x_wconf 88' lang='lat' dir='ltr'>pauca</span> <span class='ocrx_word' id='word_1_177' title='bbox 533 2780 607 2834; x_wconf 88' lang='lat' dir='ltr'>fuere</span> <span class='ocrx_word' id='word_1_178' title='bbox 619 2790 776 2850; x_wconf 89' lang='lat' dir='ltr'>precantum</span> 
     </span>
     <span class='ocr_line' id='line_1_30' title="bbox 102 2865 709 2941; baseline 0.005 -23"><span class='ocrx_word' id='word_1_179' title='bbox 102 2865 206 2933; x_wconf 89' lang='lat' dir='ltr'>Millia)</span> <span class='ocrx_word' id='word_1_180' title='bbox 218 2867 325 2920; x_wconf 91' lang='lat' dir='ltr'>miranti</span> <span class='ocrx_word' id='word_1_181' title='bbox 335 2867 469 2922; x_wconf 80' lang='lat' dir='ltr'>durairunt</span> <span class='ocrx_word' id='word_1_182' title='bbox 478 2871 592 2941; x_wconf 89' lang='lat' dir='ltr'>prodere</span> <span class='ocrx_word' id='word_1_183' title='bbox 600 2870 695 2925; x_wconf 83' lang='lat' dir='ltr'>Poeno.</span> <span class='ocrx_word' id='word_1_184' title='bbox 707 2895 709 2897; x_wconf 97' lang='lat'>·</span> 
     </span>
     <span class='ocr_line' id='line_1_31' title="bbox 104 2953 899 3038; baseline 0.003 -30"><span class='ocrx_word' id='word_1_185' title='bbox 104 2953 210 3010; x_wconf 87' lang='lat' dir='ltr'>Cuncta</span> <span class='ocrx_word' id='word_1_186' title='bbox 221 2954 287 3020; x_wconf 82' lang='lat' dir='ltr'>adeo</span> <span class='ocrx_word' id='word_1_187' title='bbox 298 2956 397 3038; x_wconf 82' lang='lat' dir='ltr'>scelera</span> <span class='ocrx_word' id='word_1_188' title='bbox 407 2967 435 3019; x_wconf 89' lang='lat' dir='ltr'>et</span> <span class='ocrx_word' id='word_1_189' title='bbox 446 2974 545 3022; x_wconf 66' lang='lat' dir='ltr'>noram</span> <span class='ocrx_word' id='word_1_190' title='bbox 556 2966 861 3032; x_wconf 80' lang='lat' dir='ltr'>superaveratomnem,</span> <span class='ocrx_word' id='word_1_191' title='bbox 891 2988 899 3010; x_wconf 61' lang='lat' dir='ltr'>r</span> 
     </span>
    </p>
   </div>
   <div class='ocr_carea' id='block_1_3' title="bbox 0 0 1015 3450">
    <p class='ocr_par' dir='ltr' id='par_1_4' title="bbox 0 0 1015 3450">
     <span class='ocr_line' id='line_1_32' title="bbox 0 0 1015 3450; baseline 0 0"><span class='ocrx_word' id='word_1_192' title='bbox 0 0 1015 3450; x_wconf 95' lang='lat' dir='ltr'> </span> 
     </span>
    </p>
   </div>
  </div>
 </body>
</html>
