2010 3450
312 275 406 322 blm
423 277 468 320 xl·
487 278 536 318 Ὺ.
549 278 695 335 295—324.
871 283 905 338 39

94 382 193 443 ‘Proles
205 383 287 458 digna
299 383 400 449 Deum,
412 394 473 438 tum
485 383 643 438 Dardanus:
661 384 738 455 isque
749 383 869 439 Tonanti

98 482 137 534 Ut
148 481 195 535 det
207 478 414 534 Erichthonium
425 494 522 550 nragm
532 478 567 532 de
578 475 659 548 stirpe
672 487 807 547 nepotem.

98 570 171 624 Hinc
182 571 266 634 Tros,
279 567 342 622 lrinc
354 566 423 632 llus,
434 567 538 638 generis
550 577 615 621 tunc
625 566 719 620 ordine
730 566 812 638 longo

99 659 260 722 Assaracus,
273 655 401 724 nulloque
410 655 501 710 minor
509 655 614 711 famave
624 673 741 710 manuve

97 747 175 800 Tum
187 745 278 815 Capys
287 753 318 797 ut
330 743 434 815 primus
444 743 548 797 dederit
560 761 608 798 sua
619 744 729 797 nomina
738 742 832 799 muris.

99 833 298 888 concelebrant
310 832 406 903 plausu
417 832 517 902 pariter
529 831 635 885 Sidonia
648 834 742 904 pubes,

99 924 300 994 Campanaeque
310 937 416 975 manus.
436 922 510 973 Ante
518 936 612 974 omnes
622 920 718 975 ductor
728 919 824 974 honori

98 1009 223 1065 Nominis
232 1018 347 1080 augusto
359 1008 425 1062 libat
436 1006 570 1062 carchesia
580 1007 649 1073 ritu;

99 1099 198 1156 Cetera
207 1113 290 1169 quem
300 1095 431 1168 sequitur,
446 1094 595 1165 Bacchique
609 1111 644 1148 ex
657 1112 731 1149 more
742 1094 876 1169 liquorem

99 1188 202 1242 irrorat
214 1185 312 1239 mensis
323 1184 412 1250 turba,
424 1183 591 1255 ardescitque
604 1185 695 1254 Lyaeo.

99 1275 215 1338 Interea,
228 1273 315 1344 Tyrio
326 1272 444 1326 resoluta
455 1270 482 1325 in
493 1273 591 1342 gaudia
602 1282 674 1327 coeto

100 1361 249 1427 Converso,
263 1358 453 1432 (nequeenim,
464 1359 573 1426 juvenis
584 1376 637 1413 non
648 1360 728 1431 digne
739 1360 823 1426 sileri,

99 1449 296 1504 Transmittam
305 1458 354 1502 tua
362 1457 454 1520 coepta
465 1448 562 1514 libens,
574 1448 724 1519 famamque
737 1453 839 1524 negabo

101 1541 264 1609 Qanquam
275 1535 448 1605 imperfectis,
461 1553 564 1608 magnae
576 1547 664 1592 tamen
676 1538 783 1606 indolis,
796 1538 877 1611 ausis)

99 1626 180 1680 Meus
190 1642 245 1679 una
256 1622 385 1679 inviolata
396 1641 480 1691 mero,
498 1627 632 1699 nullisque
644 1629 753 1683 venenis
778 1655 781 1659 ¹

100 1713 219 1768 Potando
229 1723 378 1778 exarmata,
390 1713 472 1767 decus
485 1701 644 1786 pugnoque,
658 1716 784 1787 necisque
892 1728 898 1738 ’

100 1801 215 1856 Sidoniae
225 1802 306 1856 tacito
317 1800 446 1855 volvebat
457 1812 565 1873 pectore
576 1802 686 1856 molem.

100 1895 217 1966 Qoque
228 1899 296 1943 esset
308 1888 431 1943 miranda
441 1890 525 1961 magis
536 1901 592 1944 tam
603 1907 677 1944 sacra
687 1889 781 1957 libido,

99 1978 218 2033 Pacuvio
227 1976 333 2048 genitus
344 1975 442 2048 patrias
452 1977 627 2032 damnaverat
637 1989 718 2032 artes.

100 2067 126 2119 ls
138 2065 219 2119 variis
231 2075 373 2119 oneratum
384 2063 471 2136 epulis
483 2074 564 2136 atque
575 2065 642 2119 atria
653 2066 732 2119 tardo

100 2153 282 2225 Linquentem-
289 2168 383 2223 gressu
394 2151 536 2206 comitatus
547 2170 617 2224 pone
628 2164 776 2225 parentem,

99 2241 245 2313 Postquam
256 2257 333 2310 posse
345 2241 440 2295 datum
451 2241 577 2296 meditata
587 2245 700 2314 aperire,
714 2261 851 2314 novosque

98 2329 217 2384 Pandere
228 2339 350 2394 conatus,
362 2339 390 2382 et
401 2329 470 2384 liber
482 2342 557 2401 parte
569 2332 662 2387 relicta

98 2417 248 2472 Tectorum
258 2435 275 2470 a
285 2428 363 2488 tergo
373 2417 460 2489 patuit
471 2419 557 2485 locus,
570 2421 672 2492 Accipe
683 2421 765 2494 digna

98 2504 133 2558 Et
145 2505 240 2577 Capua
251 2515 278 2559 et
288 2504 374 2570 nobis,
386 2504 484 2577 inquit,
498 2508 629 2563 consulta.
648 2511 782 2583 Togaque

99 2593 245 2646 Armatum
256 2601 347 2646 amota
357 2593 441 2646 nudat
453 2592 532 2648 latus.
552 2597 612 2650 Hoc
623 2613 673 2667 ego
684 2596 789 2650 bellum
884 2638 886 2641 .

99 2678 237 2734 Conficere
248 2695 311 2734 ense
321 2697 398 2752 paro,
410 2691 489 2750 atque
500 2681 626 2736 avulsum
636 2683 707 2738 ferre
720 2685 840 2741 Tonanti

98 2766 221 2823 Rectoris
233 2767 328 2839 Libyci
338 2769 428 2823 victor
436 2780 527 2841 caput.
546 2771 591 2824 hic
601 2771 651 2825 erit
662 2772 718 2840 ille,

99 2857 154 2932 Qi
167 2856 273 2928 polluta
284 2854 352 2911 dolis
360 2856 417 2925 jam
429 2858 533 2912 foedera
545 2859 652 2927 sanciet,
664 2863 744 2917 ensis.

98 2944 123 2997 Si
134 2943 257 3018 perferre
270 2944 363 3019 nequit
375 2947 526 3018 spectacma
537 2957 611 3006 tanta
622 2960 751 3018 senectus,
