<?xml version="1.0" encoding="UTF-8"?>
<!DOCTYPE html PUBLIC "-//W3C//DTD XHTML 1.0 Transitional//EN"
    "http://www.w3.org/TR/xhtml1/DTD/xhtml1-transitional.dtd">
<html xmlns="http://www.w3.org/1999/xhtml" xml:lang="en" lang="en">
 <head>
  <title>
</title>
<meta http-equiv="Content-Type" content="text/html;charset=utf-8" />
  <meta name='ocr-system' content='tesseract 3.04.00' />
  <meta name='ocr-capabilities' content='ocr_page ocr_carea ocr_par ocr_line ocrx_word'/>
</head>
<body>
  <div class='ocr_page' id='page_1' title='image "./cajisiliiitalic00unkngoog_0166.png"; bbox 0 0 2010 3450; ppageno 0'>
   <div class='ocr_carea' id='block_1_1' title="bbox 298 262 896 332">
    <p class='ocr_par' dir='ltr' id='par_1_1' title="bbox 298 262 896 332">
     <span class='ocr_line' id='line_1_1' title="bbox 298 262 896 332; baseline -0.002 -17"><span class='ocrx_word' id='word_1_1' title='bbox 298 274 394 317; x_wconf 78' lang='lat' dir='ltr'>nram</span> <span class='ocrx_word' id='word_1_2' title='bbox 413 275 467 315; x_wconf 82' lang='lat' dir='ltr'>xv.</span> <span class='ocrx_word' id='word_1_3' title='bbox 503 262 693 328; x_wconf 57' lang='lat' dir='ltr'>nrm-5⁶4.</span> <span class='ocrx_word' id='word_1_4' title='bbox 847 271 896 332; x_wconf 70' lang='lat'>¹57</span> 
     </span>
    </p>
   </div>
   <div class='ocr_carea' id='block_1_2' title="bbox 95 378 900 3003">
    <p class='ocr_par' dir='ltr' id='par_1_2' title="bbox 96 378 692 445">
     <span class='ocr_line' id='line_1_2' title="bbox 96 378 692 445; baseline -0.008 -9"><span class='ocrx_word' id='word_1_5' title='bbox 96 380 177 436; x_wconf 90' lang='lat' dir='ltr'>Nulla</span> <span class='ocrx_word' id='word_1_6' title='bbox 187 378 255 433; x_wconf 90' lang='lat' dir='ltr'>mihi</span> <span class='ocrx_word' id='word_1_7' title='bbox 268 378 347 432; x_wconf 89' lang='lat' dir='ltr'>lloret</span> <span class='ocrx_word' id='word_1_8' title='bbox 358 380 446 434; x_wconf 85' lang='lat' dir='ltr'>baccis</span> <span class='ocrx_word' id='word_1_9' title='bbox 458 379 580 433; x_wconf 89' lang='lat' dir='ltr'>felicibus</span> <span class='ocrx_word' id='word_1_10' title='bbox 592 381 692 445; x_wconf 82' lang='lat' dir='ltr'>arbor3</span> 
     </span>
    </p>

    <p class='ocr_par' dir='ltr' id='par_1_3' title="bbox 96 467 683 536">
     <span class='ocr_line' id='line_1_3' title="bbox 96 467 683 536; baseline -0.002 -15"><span class='ocrx_word' id='word_1_11' title='bbox 96 470 244 522; x_wconf 84' lang='lat' dir='ltr'>Immatura</span> <span class='ocrx_word' id='word_1_12' title='bbox 256 483 329 536; x_wconf 86' lang='lat' dir='ltr'>seges</span> <span class='ocrx_word' id='word_1_13' title='bbox 341 467 434 535; x_wconf 91' lang='lat' dir='ltr'>rapido</span> <span class='ocrx_word' id='word_1_14' title='bbox 447 467 594 520; x_wconf 83' lang='lat' dir='ltr'>succiditur</span> <span class='ocrx_word' id='word_1_15' title='bbox 606 483 683 530; x_wconf 72' lang='lat' dir='ltr'>enser</span> 
     </span>
    </p>

    <p class='ocr_par' dir='ltr' id='par_1_4' title="bbox 98 553 752 625">
     <span class='ocr_line' id='line_1_4' title="bbox 98 553 752 625; baseline 0 -16"><span class='ocrx_word' id='word_1_16' title='bbox 98 556 224 610; x_wconf 89' lang='lat' dir='ltr'>Culmina</span> <span class='ocrx_word' id='word_1_17' title='bbox 233 553 362 607; x_wconf 85' lang='lat' dir='ltr'>villarulu</span> <span class='ocrx_word' id='word_1_18' title='bbox 374 565 496 608; x_wconf 88' lang='lat' dir='ltr'>nostrum</span> <span class='ocrx_word' id='word_1_19' title='bbox 508 555 614 625; x_wconf 84' lang='lat' dir='ltr'>delapsa</span> <span class='ocrx_word' id='word_1_20' title='bbox 625 554 752 610; x_wconf 86' lang='lat' dir='ltr'>feruntur</span> 
     </span>
    </p>

    <p class='ocr_par' dir='ltr' id='par_1_5' title="bbox 96 641 791 714">
     <span class='ocr_line' id='line_1_5' title="bbox 96 641 791 714; baseline -0.001 -19"><span class='ocrx_word' id='word_1_21' title='bbox 96 645 128 697; x_wconf 89' lang='lat' dir='ltr'>ln</span> <span class='ocrx_word' id='word_1_22' title='bbox 140 641 285 714; x_wconf 89' lang='lat' dir='ltr'>gremium,</span> <span class='ocrx_word' id='word_1_23' title='bbox 299 642 455 711; x_wconf 85' lang='lat' dir='ltr'>loedantque</span> <span class='ocrx_word' id='word_1_24' title='bbox 468 641 521 694; x_wconf 88' lang='lat' dir='ltr'>suis</span> <span class='ocrx_word' id='word_1_25' title='bbox 534 659 591 695; x_wconf 87' lang='lat' dir='ltr'>mea</span> <span class='ocrx_word' id='word_1_26' title='bbox 604 660 685 713; x_wconf 88' lang='lat' dir='ltr'>regna</span> <span class='ocrx_word' id='word_1_27' title='bbox 696 643 791 696; x_wconf 90' lang='lat' dir='ltr'>ruinis.</span> 
     </span>
    </p>

    <p class='ocr_par' dir='ltr' id='par_1_6' title="bbox 95 728 799 976">
     <span class='ocr_line' id='line_1_6' title="bbox 95 728 764 798; baseline -0.003 -13"><span class='ocrx_word' id='word_1_28' title='bbox 95 729 177 785; x_wconf 87' lang='lat' dir='ltr'>Hunc</span> <span class='ocrx_word' id='word_1_29' title='bbox 189 731 280 795; x_wconf 72' lang='lat' dir='ltr'>etiam,</span> <span class='ocrx_word' id='word_1_30' title='bbox 292 729 373 782; x_wconf 86' lang='lat' dir='ltr'>vastis</span> <span class='ocrx_word' id='word_1_31' title='bbox 387 728 433 798; x_wconf 92' lang='lat' dir='ltr'>qui</span> <span class='ocrx_word' id='word_1_32' title='bbox 447 745 517 781; x_wconf 91' lang='lat' dir='ltr'>nunc</span> <span class='ocrx_word' id='word_1_33' title='bbox 528 746 584 782; x_wconf 88' lang='lat' dir='ltr'>sese</span> <span class='ocrx_word' id='word_1_34' title='bbox 596 728 686 783; x_wconf 88' lang='lat' dir='ltr'>intulit</span> <span class='ocrx_word' id='word_1_35' title='bbox 698 731 764 796; x_wconf 82' lang='lat' dir='ltr'>oris,</span> 
     </span>
     <span class='ocr_line' id='line_1_7' title="bbox 98 816 746 888; baseline 0 -17"><span class='ocrx_word' id='word_1_36' title='bbox 98 819 246 888; x_wconf 85' lang='lat' dir='ltr'>Perpetiar,</span> <span class='ocrx_word' id='word_1_37' title='bbox 260 816 368 870; x_wconf 90' lang='lat' dir='ltr'>miseras</span> <span class='ocrx_word' id='word_1_38' title='bbox 380 827 546 886; x_wconf 71' lang='lat' dir='ltr'>quaerentem</span> <span class='ocrx_word' id='word_1_39' title='bbox 557 833 670 870; x_wconf 88' lang='lat' dir='ltr'>exurere</span> <span class='ocrx_word' id='word_1_40' title='bbox 681 818 746 871; x_wconf 89' lang='lat' dir='ltr'>belli</span> 
     </span>
     <span class='ocr_line' id='line_1_8' title="bbox 98 904 799 976; baseline -0.001 -16"><span class='ocrx_word' id='word_1_41' title='bbox 98 907 254 976; x_wconf 76' lang='lat' dir='ltr'>Reliquias?</span> <span class='ocrx_word' id='word_1_42' title='bbox 268 907 344 959; x_wconf 92' lang='lat' dir='ltr'>Tum</span> <span class='ocrx_word' id='word_1_43' title='bbox 355 922 397 958; x_wconf 90' lang='lat' dir='ltr'>me</span> <span class='ocrx_word' id='word_1_44' title='bbox 409 904 511 959; x_wconf 87' lang='lat' dir='ltr'>scindat</span> <span class='ocrx_word' id='word_1_45' title='bbox 522 921 607 974; x_wconf 89' lang='lat' dir='ltr'>vagus</span> <span class='ocrx_word' id='word_1_46' title='bbox 622 905 690 958; x_wconf 84' lang='lat' dir='ltr'>Aser</span> <span class='ocrx_word' id='word_1_47' title='bbox 698 917 799 973; x_wconf 85' lang='lat' dir='ltr'>aratro,</span> 
     </span>
    </p>

    <p class='ocr_par' dir='ltr' id='par_1_7' title="bbox 97 991 761 1064">
     <span class='ocr_line' id='line_1_9' title="bbox 97 991 761 1064; baseline -0.002 -17"><span class='ocrx_word' id='word_1_48' title='bbox 97 993 134 1047; x_wconf 84' lang='lat' dir='ltr'>Et</span> <span class='ocrx_word' id='word_1_49' title='bbox 146 995 229 1064; x_wconf 88' lang='lat' dir='ltr'>Libys</span> <span class='ocrx_word' id='word_1_50' title='bbox 238 993 367 1047; x_wconf 85' lang='lat' dir='ltr'>Ausoniis</span> <span class='ocrx_word' id='word_1_51' title='bbox 379 991 547 1046; x_wconf 86' lang='lat' dir='ltr'>commendet</span> <span class='ocrx_word' id='word_1_52' title='bbox 560 992 660 1046; x_wconf 86' lang='lat' dir='ltr'>semina</span> <span class='ocrx_word' id='word_1_53' title='bbox 672 992 761 1057; x_wconf 90' lang='lat' dir='ltr'>sulcis,</span> 
     </span>
    </p>

    <p class='ocr_par' dir='ltr' id='par_1_8' title="bbox 97 1078 789 1151">
     <span class='ocr_line' id='line_1_10' title="bbox 97 1078 789 1151; baseline -0.004 -15"><span class='ocrx_word' id='word_1_54' title='bbox 97 1081 135 1136; x_wconf 89' lang='lat' dir='ltr'>Nl</span> <span class='ocrx_word' id='word_1_55' title='bbox 146 1091 253 1146; x_wconf 86' lang='lat' dir='ltr'>cuncta,</span> <span class='ocrx_word' id='word_1_56' title='bbox 267 1081 403 1134; x_wconf 85' lang='lat' dir='ltr'>exsultant</span> <span class='ocrx_word' id='word_1_57' title='bbox 416 1097 477 1150; x_wconf 71' lang='lat' dir='ltr'>quae</span> <span class='ocrx_word' id='word_1_58' title='bbox 489 1078 550 1131; x_wconf 89' lang='lat' dir='ltr'>latis</span> <span class='ocrx_word' id='word_1_59' title='bbox 561 1079 667 1149; x_wconf 85' lang='lat' dir='ltr'>agmina</span> <span class='ocrx_word' id='word_1_60' title='bbox 678 1080 789 1151; x_wconf 85' lang='lat' dir='ltr'>campis,</span> 
     </span>
    </p>

    <p class='ocr_par' dir='ltr' id='par_1_9' title="bbox 97 1166 746 1231">
     <span class='ocr_line' id='line_1_11' title="bbox 97 1166 746 1231; baseline -0.005 -8"><span class='ocrx_word' id='word_1_61' title='bbox 97 1170 160 1223; x_wconf 85' lang='lat' dir='ltr'>Uno</span> <span class='ocrx_word' id='word_1_62' title='bbox 171 1169 337 1224; x_wconf 84' lang='lat' dir='ltr'>condiderim</span> <span class='ocrx_word' id='word_1_63' title='bbox 349 1167 463 1221; x_wconf 87' lang='lat' dir='ltr'>tumulo.</span> <span class='ocrx_word' id='word_1_64' title='bbox 485 1168 560 1220; x_wconf 91' lang='lat' dir='ltr'>Dum</span> <span class='ocrx_word' id='word_1_65' title='bbox 572 1166 635 1219; x_wconf 88' lang='lat' dir='ltr'>talia</span> <span class='ocrx_word' id='word_1_66' title='bbox 648 1179 746 1231; x_wconf 85' lang='lat' dir='ltr'>versat,</span> 
     </span>
    </p>

    <p class='ocr_par' dir='ltr' id='par_1_10' title="bbox 98 1254 884 1416">
     <span class='ocr_line' id='line_1_12' title="bbox 98 1254 884 1330; baseline 0.004 -19"><span class='ocrx_word' id='word_1_67' title='bbox 98 1257 135 1311; x_wconf 85' lang='lat' dir='ltr'>Et</span> <span class='ocrx_word' id='word_1_68' title='bbox 146 1258 277 1311; x_wconf 77' lang='lat' dir='ltr'>thalamos</span> <span class='ocrx_word' id='word_1_69' title='bbox 289 1257 383 1310; x_wconf 87' lang='lat' dir='ltr'>clausit</span> <span class='ocrx_word' id='word_1_70' title='bbox 395 1274 449 1309; x_wconf 90' lang='lat' dir='ltr'>nox</span> <span class='ocrx_word' id='word_1_71' title='bbox 460 1265 518 1309; x_wconf 87' lang='lat' dir='ltr'>atra</span> <span class='ocrx_word' id='word_1_72' title='bbox 531 1254 722 1327; x_wconf 89' lang='lat' dir='ltr'>hominumque</span> <span class='ocrx_word' id='word_1_73' title='bbox 732 1257 884 1330; x_wconf 79' lang='lat' dir='ltr'>Deumque,</span> 
     </span>
     <span class='ocr_line' id='line_1_13' title="bbox 98 1345 747 1416; baseline -0.003 -16"><span class='ocrx_word' id='word_1_74' title='bbox 98 1346 203 1400; x_wconf 84' lang='lat' dir='ltr'>Tendit</span> <span class='ocrx_word' id='word_1_75' title='bbox 214 1345 349 1416; x_wconf 77' lang='lat' dir='ltr'>Amyclaei</span> <span class='ocrx_word' id='word_1_76' title='bbox 360 1360 479 1415; x_wconf 87' lang='lat' dir='ltr'>praeceps</span> <span class='ocrx_word' id='word_1_77' title='bbox 490 1345 525 1398; x_wconf 91' lang='lat' dir='ltr'>ad</span> <span class='ocrx_word' id='word_1_78' title='bbox 535 1349 622 1398; x_wconf 85' lang='lat' dir='ltr'>cast&#39;ra</span> <span class='ocrx_word' id='word_1_79' title='bbox 634 1346 747 1413; x_wconf 87' lang='lat' dir='ltr'>nepotis.</span> 
     </span>
    </p>

    <p class='ocr_par' dir='ltr' id='par_1_11' title="bbox 99 1432 726 1499">
     <span class='ocr_line' id='line_1_14' title="bbox 99 1432 726 1499; baseline -0.002 -13"><span class='ocrx_word' id='word_1_80' title='bbox 99 1436 210 1499; x_wconf 89' lang='lat' dir='ltr'>Istum,</span> <span class='ocrx_word' id='word_1_81' title='bbox 223 1432 338 1488; x_wconf 87' lang='lat' dir='ltr'>Lucanis</span> <span class='ocrx_word' id='word_1_82' title='bbox 349 1432 519 1486; x_wconf 80' lang='lat' dir='ltr'>cohibentem</span> <span class='ocrx_word' id='word_1_83' title='bbox 531 1432 630 1486; x_wconf 86' lang='lat' dir='ltr'>finibus</span> <span class='ocrx_word' id='word_1_84' title='bbox 642 1450 726 1497; x_wconf 87' lang='lat' dir='ltr'>arma,</span> 
     </span>
    </p>

    <p class='ocr_par' dir='ltr' id='par_1_12' title="bbox 100 1520 639 1592">
     <span class='ocr_line' id='line_1_15' title="bbox 100 1520 639 1592; baseline -0.006 -17"><span class='ocrx_word' id='word_1_85' title='bbox 100 1523 216 1577; x_wconf 84' lang='lat' dir='ltr'>Poenum</span> <span class='ocrx_word' id='word_1_86' title='bbox 226 1521 308 1576; x_wconf 86' lang='lat' dir='ltr'>vicini</span> <span class='ocrx_word' id='word_1_87' title='bbox 320 1523 443 1575; x_wconf 87' lang='lat' dir='ltr'>servabat</span> <span class='ocrx_word' id='word_1_88' title='bbox 454 1520 552 1592; x_wconf 88' lang='lat' dir='ltr'>cespite</span> <span class='ocrx_word' id='word_1_89' title='bbox 563 1520 639 1574; x_wconf 87' lang='lat' dir='ltr'>valli.</span> 
     </span>
    </p>

    <p class='ocr_par' dir='ltr' id='par_1_13' title="bbox 100 1607 804 1768">
     <span class='ocr_line' id='line_1_16' title="bbox 100 1607 787 1682; baseline -0.001 -18"><span class='ocrx_word' id='word_1_90' title='bbox 100 1610 155 1664; x_wconf 85' lang='lat' dir='ltr'>Hic</span> <span class='ocrx_word' id='word_1_91' title='bbox 162 1612 292 1677; x_wconf 88' lang='lat' dir='ltr'>juvenem</span> <span class='ocrx_word' id='word_1_92' title='bbox 303 1610 457 1682; x_wconf 83' lang='lat' dir='ltr'>aggreditur</span> <span class='ocrx_word' id='word_1_93' title='bbox 470 1610 554 1662; x_wconf 82' lang='lat' dir='ltr'>Latiae</span> <span class='ocrx_word' id='word_1_94' title='bbox 566 1607 670 1662; x_wconf 90' lang='lat' dir='ltr'>telluris</span> <span class='ocrx_word' id='word_1_95' title='bbox 683 1607 787 1679; x_wconf 81' lang='lat' dir='ltr'>imago:</span> 
     </span>
     <span class='ocr_line' id='line_1_17' title="bbox 100 1696 804 1768; baseline -0.004 -15"><span class='ocrx_word' id='word_1_96' title='bbox 100 1699 265 1753; x_wconf 84' lang='lat' dir='ltr'>Clausorum</span> <span class='ocrx_word' id='word_1_97' title='bbox 276 1699 368 1763; x_wconf 91' lang='lat' dir='ltr'>decus,</span> <span class='ocrx_word' id='word_1_98' title='bbox 380 1709 460 1768; x_wconf 86' lang='lat' dir='ltr'>atque</span> <span class='ocrx_word' id='word_1_99' title='bbox 472 1708 564 1768; x_wconf 88' lang='lat' dir='ltr'>erepto</span> <span class='ocrx_word' id='word_1_100' title='bbox 577 1696 694 1750; x_wconf 85' lang='lat' dir='ltr'>maxima</span> <span class='ocrx_word' id='word_1_101' title='bbox 706 1697 804 1750; x_wconf 83' lang='lat' dir='ltr'>Romae</span> 
     </span>
    </p>

    <p class='ocr_par' dir='ltr' id='par_1_14' title="bbox 101 1777 896 2117">
     <span class='ocr_line' id='line_1_18' title="bbox 101 1777 893 1859; baseline -0.003 -17"><span class='ocrx_word' id='word_1_102' title='bbox 101 1790 166 1859; x_wconf 88' lang='lat' dir='ltr'>Spes</span> <span class='ocrx_word' id='word_1_103' title='bbox 176 1790 252 1842; x_wconf 86' lang='lat' dir='ltr'>Nero</span> <span class='ocrx_word' id='word_1_104' title='bbox 264 1786 407 1850; x_wconf 90' lang='lat' dir='ltr'>Marcello,</span> <span class='ocrx_word' id='word_1_105' title='bbox 421 1777 526 1858; x_wconf 76' lang='lat' dir='ltr'>rumpe,</span> <span class='ocrx_word' id='word_1_106' title='bbox 540 1796 620 1855; x_wconf 85' lang='lat' dir='ltr'>atque</span> <span class='ocrx_word' id='word_1_107' title='bbox 632 1783 737 1854; x_wconf 84' lang='lat' dir='ltr'>expelle</span> <span class='ocrx_word' id='word_1_108' title='bbox 749 1785 876 1855; x_wconf 90' lang='lat' dir='ltr'>quietem.</span> <span class='ocrx_word' id='word_1_109' title='bbox 892 1837 893 1840; x_wconf 76' lang='grc'>,</span> 
     </span>
     <span class='ocr_line' id='line_1_19' title="bbox 101 1862 896 1947; baseline -0.004 -18"><span class='ocrx_word' id='word_1_110' title='bbox 101 1877 237 1947; x_wconf 88' lang='lat' dir='ltr'>Magnum</span> <span class='ocrx_word' id='word_1_111' title='bbox 249 1875 348 1945; x_wconf 87' lang='lat' dir='ltr'>aliquid</span> <span class='ocrx_word' id='word_1_112' title='bbox 360 1875 418 1938; x_wconf 90' lang='lat' dir='ltr'>tibi,</span> <span class='ocrx_word' id='word_1_113' title='bbox 432 1876 452 1927; x_wconf 90' lang='lat' dir='ltr'>si</span> <span class='ocrx_word' id='word_1_114' title='bbox 465 1873 559 1946; x_wconf 80' lang='lat' dir='ltr'>patriae</span> <span class='ocrx_word' id='word_1_115' title='bbox 570 1873 611 1926; x_wconf 89' lang='lat' dir='ltr'>vis</span> <span class='ocrx_word' id='word_1_116' title='bbox 623 1862 720 1926; x_wconf 87' lang='lat' dir='ltr'>addere</span> <span class='ocrx_word' id='word_1_117' title='bbox 731 1872 802 1937; x_wconf 82' lang='lat' dir='ltr'>fatis,</span> <span class='ocrx_word' id='word_1_118' title='bbox 893 1919 896 1930; x_wconf 87' lang='lat'>.</span> 
     </span>
     <span class='ocr_line' id='line_1_20' title="bbox 102 1960 893 2031; baseline -0.005 -14"><span class='ocrx_word' id='word_1_119' title='bbox 102 1963 270 2017; x_wconf 89' lang='lat' dir='ltr'>Audendum</span> <span class='ocrx_word' id='word_1_120' title='bbox 283 1971 333 2027; x_wconf 86' lang='lat' dir='ltr'>est,</span> <span class='ocrx_word' id='word_1_121' title='bbox 347 1962 431 2031; x_wconf 90' lang='lat' dir='ltr'>quod,</span> <span class='ocrx_word' id='word_1_122' title='bbox 444 1960 557 2029; x_wconf 90' lang='lat' dir='ltr'>depulso</span> <span class='ocrx_word' id='word_1_123' title='bbox 569 1978 649 2027; x_wconf 87' lang='lat' dir='ltr'>quoq;</span> <span class='ocrx_word' id='word_1_124' title='bbox 665 1960 798 2025; x_wconf 86' lang='lat' dir='ltr'>moenibus</span> <span class='ocrx_word' id='word_1_125' title='bbox 808 1960 893 2028; x_wconf 84' lang='lat' dir='ltr'>hoste,</span> 
     </span>
     <span class='ocr_line' id='line_1_21' title="bbox 102 2047 770 2117; baseline -0.004 -14"><span class='ocrx_word' id='word_1_126' title='bbox 102 2050 226 2104; x_wconf 75' lang='lat' dir='ltr'>Victores</span> <span class='ocrx_word' id='word_1_127' title='bbox 238 2047 330 2103; x_wconf 87' lang='lat' dir='ltr'>fecisse</span> <span class='ocrx_word' id='word_1_128' title='bbox 343 2057 469 2101; x_wconf 85' lang='lat' dir='ltr'>tremant.</span> <span class='ocrx_word' id='word_1_129' title='bbox 489 2047 666 2117; x_wconf 86' lang='lat' dir='ltr'>Fulgentibus</span> <span class='ocrx_word' id='word_1_130' title='bbox 677 2047 770 2116; x_wconf 68' lang='lat' dir='ltr'>armis¹</span> 
     </span>
    </p>

    <p class='ocr_par' dir='ltr' id='par_1_15' title="bbox 103 2135 773 2293">
     <span class='ocr_line' id='line_1_22' title="bbox 103 2135 766 2206; baseline -0.002 -16"><span class='ocrx_word' id='word_1_131' title='bbox 103 2138 203 2190; x_wconf 85' lang='lat' dir='ltr'>Poenus</span> <span class='ocrx_word' id='word_1_132' title='bbox 214 2135 355 2190; x_wconf 88' lang='lat' dir='ltr'>inundavit</span> <span class='ocrx_word' id='word_1_133' title='bbox 367 2153 485 2206; x_wconf 83' lang='lat' dir='ltr'>campos,</span> <span class='ocrx_word' id='word_1_134' title='bbox 498 2153 550 2203; x_wconf 88' lang='lat' dir='ltr'>qua</span> <span class='ocrx_word' id='word_1_135' title='bbox 561 2138 629 2189; x_wconf 84' lang='lat' dir='ltr'>Sena</span> <span class='ocrx_word' id='word_1_136' title='bbox 640 2136 766 2189; x_wconf 89' lang='lat' dir='ltr'>relictum</span> 
     </span>
     <span class='ocr_line' id='line_1_23' title="bbox 103 2221 773 2293; baseline -0.007 -14"><span class='ocrx_word' id='word_1_137' title='bbox 103 2224 249 2279; x_wconf 89' lang='lat' dir='ltr'>Gallorum</span> <span class='ocrx_word' id='word_1_138' title='bbox 260 2241 276 2276; x_wconf 92' lang='lat' dir='ltr'>a</span> <span class='ocrx_word' id='word_1_139' title='bbox 287 2223 394 2293; x_wconf 91' lang='lat' dir='ltr'>populis</span> <span class='ocrx_word' id='word_1_140' title='bbox 407 2233 495 2276; x_wconf 87' lang='lat' dir='ltr'>servat</span> <span class='ocrx_word' id='word_1_141' title='bbox 508 2239 556 2291; x_wconf 88' lang='lat' dir='ltr'>per</span> <span class='ocrx_word' id='word_1_142' title='bbox 567 2221 656 2276; x_wconf 88' lang='lat' dir='ltr'>secula</span> <span class='ocrx_word' id='word_1_143' title='bbox 665 2240 773 2276; x_wconf 89' lang='lat' dir='ltr'>nomen.</span> 
     </span>
    </p>

    <p class='ocr_par' dir='ltr' id='par_1_16' title="bbox 102 2311 898 2470">
     <span class='ocr_line' id='line_1_24' title="bbox 102 2311 898 2383; baseline -0.005 -17"><span class='ocrx_word' id='word_1_144' title='bbox 102 2311 141 2367; x_wconf 86' lang='lat' dir='ltr'>Nl</span> <span class='ocrx_word' id='word_1_145' title='bbox 152 2328 265 2382; x_wconf 92' lang='lat' dir='ltr'>propere</span> <span class='ocrx_word' id='word_1_146' title='bbox 274 2311 390 2383; x_wconf 86' lang='lat' dir='ltr'>alipedes</span> <span class='ocrx_word' id='word_1_147' title='bbox 402 2311 473 2381; x_wconf 90' lang='lat' dir='ltr'>rapis</span> <span class='ocrx_word' id='word_1_148' title='bbox 485 2311 517 2364; x_wconf 90' lang='lat' dir='ltr'>ad</span> <span class='ocrx_word' id='word_1_149' title='bbox 529 2311 674 2365; x_wconf 89' lang='lat' dir='ltr'>certamina</span> <span class='ocrx_word' id='word_1_150' title='bbox 686 2321 801 2376; x_wconf 72' lang='lat' dir='ltr'>turmas,¹</span> <span class='ocrx_word' id='word_1_151' title='bbox 895 2372 898 2377; x_wconf 24' lang='grc' dir='ltr'>ι</span> 
     </span>
     <span class='ocr_line' id='line_1_25' title="bbox 104 2398 702 2470; baseline -0.002 -17"><span class='ocrx_word' id='word_1_152' title='bbox 104 2401 184 2453; x_wconf 87' lang='lat' dir='ltr'>Serus</span> <span class='ocrx_word' id='word_1_153' title='bbox 196 2398 291 2452; x_wconf 73' lang='lat' dir='ltr'>deletae</span> <span class='ocrx_word' id='word_1_154' title='bbox 305 2410 364 2470; x_wconf 89' lang='lat' dir='ltr'>post</span> <span class='ocrx_word' id='word_1_155' title='bbox 377 2399 541 2452; x_wconf 85' lang='lat' dir='ltr'>auxiliabere</span> <span class='ocrx_word' id='word_1_156' title='bbox 554 2401 659 2452; x_wconf 78' lang='lat' dir='ltr'>Romae.</span> <span class='ocrx_word' id='word_1_157' title='bbox 698 2434 702 2442; x_wconf 50' lang='grc' dir='ltr'>ι</span> 
     </span>
    </p>

    <p class='ocr_par' dir='ltr' id='par_1_17' title="bbox 104 2486 845 2648">
     <span class='ocr_line' id='line_1_26' title="bbox 104 2486 845 2559; baseline 0.003 -19"><span class='ocrx_word' id='word_1_158' title='bbox 104 2491 200 2558; x_wconf 86' lang='lat' dir='ltr'>Surge,</span> <span class='ocrx_word' id='word_1_159' title='bbox 213 2505 279 2558; x_wconf 77' lang='lat' dir='ltr'>age3</span> <span class='ocrx_word' id='word_1_160' title='bbox 296 2488 337 2541; x_wconf 86' lang='lat' dir='ltr'>fer</span> <span class='ocrx_word' id='word_1_161' title='bbox 348 2503 463 2558; x_wconf 87' lang='lat' dir='ltr'>gressus.</span> <span class='ocrx_word' id='word_1_162' title='bbox 484 2487 593 2540; x_wconf 88' lang='lat' dir='ltr'>Patulos</span> <span class='ocrx_word' id='word_1_163' title='bbox 605 2488 713 2559; x_wconf 89' lang='lat' dir='ltr'>regione</span> <span class='ocrx_word' id='word_1_164' title='bbox 725 2486 845 2543; x_wconf 88' lang='lat' dir='ltr'>Metauri</span> 
     </span>
     <span class='ocr_line' id='line_1_27' title="bbox 105 2575 825 2648; baseline 0.003 -19"><span class='ocrx_word' id='word_1_165' title='bbox 105 2577 240 2629; x_wconf 87' lang='lat' dir='ltr'>Damnavi</span> <span class='ocrx_word' id='word_1_166' title='bbox 252 2575 362 2630; x_wconf 90' lang='lat' dir='ltr'>tumulis</span> <span class='ocrx_word' id='word_1_167' title='bbox 374 2576 520 2629; x_wconf 76' lang='lat' dir='ltr'>Poenorum</span> <span class='ocrx_word' id='word_1_168' title='bbox 531 2586 611 2646; x_wconf 85' lang='lat' dir='ltr'>atque</span> <span class='ocrx_word' id='word_1_169' title='bbox 623 2578 726 2631; x_wconf 90' lang='lat' dir='ltr'>ossibus</span> <span class='ocrx_word' id='word_1_170' title='bbox 737 2595 825 2648; x_wconf 89' lang='lat' dir='ltr'>agros.</span> 
     </span>
    </p>

    <p class='ocr_par' dir='ltr' id='par_1_18' title="bbox 104 2663 797 2911">
     <span class='ocr_line' id='line_1_28' title="bbox 104 2663 797 2734; baseline 0.006 -18"><span class='ocrx_word' id='word_1_171' title='bbox 104 2663 154 2716; x_wconf 92' lang='lat' dir='ltr'>His</span> <span class='ocrx_word' id='word_1_172' title='bbox 164 2663 244 2722; x_wconf 89' lang='lat' dir='ltr'>dictis</span> <span class='ocrx_word' id='word_1_173' title='bbox 259 2663 325 2727; x_wconf 88' lang='lat' dir='ltr'>abit,</span> <span class='ocrx_word' id='word_1_174' title='bbox 338 2673 417 2732; x_wconf 89' lang='lat' dir='ltr'>atque</span> <span class='ocrx_word' id='word_1_175' title='bbox 431 2663 575 2718; x_wconf 86' lang='lat' dir='ltr'>abscedens</span> <span class='ocrx_word' id='word_1_176' title='bbox 586 2665 643 2718; x_wconf 88' lang='lat' dir='ltr'>visa</span> <span class='ocrx_word' id='word_1_177' title='bbox 655 2676 797 2734; x_wconf 90' lang='lat' dir='ltr'>paventem</span> 
     </span>
     <span class='ocr_line' id='line_1_29' title="bbox 106 2751 787 2823; baseline 0.003 -20"><span class='ocrx_word' id='word_1_178' title='bbox 106 2751 263 2814; x_wconf 87' lang='lat' dir='ltr'>Attrahere,</span> <span class='ocrx_word' id='word_1_179' title='bbox 276 2761 302 2803; x_wconf 90' lang='lat' dir='ltr'>et</span> <span class='ocrx_word' id='word_1_180' title='bbox 315 2751 405 2804; x_wconf 86' lang='lat' dir='ltr'>fractis</span> <span class='ocrx_word' id='word_1_181' title='bbox 418 2762 519 2805; x_wconf 86' lang='lat' dir='ltr'>turmas</span> <span class='ocrx_word' id='word_1_182' title='bbox 532 2753 681 2823; x_wconf 88' lang='lat' dir='ltr'>propellere</span> <span class='ocrx_word' id='word_1_183' title='bbox 694 2753 787 2822; x_wconf 85' lang='lat' dir='ltr'>portis.</span> 
     </span>
     <span class='ocr_line' id='line_1_30' title="bbox 106 2822 751 2911; baseline 0.006 -22"><span class='ocrx_word' id='word_1_184' title='bbox 106 2838 222 2909; x_wconf 92' lang='lat' dir='ltr'>Rumpit</span> <span class='ocrx_word' id='word_1_185' title='bbox 235 2839 371 2895; x_wconf 87' lang='lat' dir='ltr'>flammato</span> <span class='ocrx_word' id='word_1_186' title='bbox 383 2840 506 2893; x_wconf 88' lang='lat' dir='ltr'>turbatus</span> <span class='ocrx_word' id='word_1_187' title='bbox 516 2842 598 2895; x_wconf 89' lang='lat' dir='ltr'>corde</span> <span class='ocrx_word' id='word_1_188' title='bbox 610 2822 751 2911; x_wconf 56' lang='lat' dir='ltr'>soporem,x</span> 
     </span>
    </p>

    <p class='ocr_par' dir='ltr' id='par_1_19' title="bbox 108 2927 900 3003">
     <span class='ocr_line' id='line_1_31' title="bbox 108 2927 900 3003; baseline 0.006 -25"><span class='ocrx_word' id='word_1_189' title='bbox 108 2927 150 2981; x_wconf 89' lang='lat' dir='ltr'>Ac</span> <span class='ocrx_word' id='word_1_190' title='bbox 163 2927 289 3000; x_wconf 87' lang='lat' dir='ltr'>supplex,</span> <span class='ocrx_word' id='word_1_191' title='bbox 302 2927 421 2998; x_wconf 84' lang='lat' dir='ltr'>geminas</span> <span class='ocrx_word' id='word_1_192' title='bbox 434 2927 545 2984; x_wconf 87' lang='lat' dir='ltr'>tendens</span> <span class='ocrx_word' id='word_1_193' title='bbox 557 2930 592 2986; x_wconf 87' lang='lat' dir='ltr'>ad</span> <span class='ocrx_word' id='word_1_194' title='bbox 603 2929 690 2988; x_wconf 83' lang='lat' dir='ltr'>sidera</span> <span class='ocrx_word' id='word_1_195' title='bbox 701 2929 811 3003; x_wconf 84' lang='lat' dir='ltr'>palmas,</span> <span class='ocrx_word' id='word_1_196' title='bbox 897 2978 900 2983; x_wconf 85' lang='lat'><strong>.</strong></span> 
     </span>
    </p>
   </div>
   <div class='ocr_carea' id='block_1_3' title="bbox 0 0 1024 3450">
    <p class='ocr_par' dir='ltr' id='par_1_20' title="bbox 0 0 1024 3450">
     <span class='ocr_line' id='line_1_32' title="bbox 0 0 1024 3450; baseline 0 0"><span class='ocrx_word' id='word_1_197' title='bbox 0 0 1024 3450; x_wconf 95' lang='lat' dir='ltr'> </span> 
     </span>
    </p>
   </div>
  </div>
 </body>
</html>
