2010 3450
160 260 212 314 ¹9⁰
360 253 451 294 stssn
470 253 537 294 xvt.
574 243 766 329 mou—653.

160 359 289 415 Assilietl
305 374 474 429 vacuumque
485 360 582 426 Jovem
595 358 650 411 sine
661 359 733 429 pube
745 357 802 412 sine
811 359 891 414 armis

160 449 291 502 Invadetl
311 446 414 521 Qanti
422 456 461 499 est
473 446 560 512 cedas,
573 447 744 516 Romamque
755 447 889 518 relinquas

160 537 294 592 Emeritol
309 547 349 589 ast
358 546 433 588 tanto
445 534 560 604 perculsi
574 534 687 588 fulmine
698 534 763 588 belli

162 625 263 679 Siccine
276 634 312 690 te,
326 634 357 677 ut
369 640 456 694 nuper
465 623 561 694 Capua
571 633 611 676 est
622 624 723 677 accitus
731 624 766 678 ab
778 624 832 679 alta

161 711 283 775 Fulvius,
296 711 425 782 aequoreis
437 710 531 782 Libyae
542 712 728 767 revocabimus
739 715 809 767 oris?

161 801 244 854 Vince
257 800 339 865 domi,
353 811 380 853 et
391 799 468 853 trinis
480 810 640 854 moerentem
653 800 749 855 lunera
759 802 851 856 lustris

162 889 311 943 Ausoniam
322 903 409 959 purga
419 887 502 948 bello.
522 897 581 941 tum
592 889 672 942 tende
686 899 803 943 remotos

67 1013 71 1020 ·
160 978 194 1028 In
204 977 382 1029 Garamantas
392 974 454 1040 iter,
467 974 726 1046 Nasamoniacosque
737 977 889 1048 triumphos

160 1063 273 1117 Molire.
292 1066 426 1134 Angustae
438 1062 580 1133 prohibent
591 1081 663 1118 nunc
675 1064 738 1119 talia
749 1060 839 1136 coepta

162 1154 217 1206 Res
229 1152 314 1206 ltalae.
335 1153 415 1205 Pater
427 1151 471 1204 ille
483 1162 555 1218 tuus,
569 1153 615 1223 qui
628 1154 737 1208 nomina
748 1164 847 1209 vestrae
869 1180 871 1184 ⁴

161 1242 276 1296 Addidit
287 1241 360 1295 haud
372 1241 458 1311 segnis
467 1240 551 1312 genti,
564 1256 627 1294 cum
639 1241 741 1295 Consul
755 1242 829 1295 Iberi

160 1333 298 1387 Tenderet
310 1332 344 1384 ad
355 1331 435 1400 ripas,
449 1339 574 1384 revocato
581 1330 665 1384 milite
677 1329 782 1399 primus

161 1421 338 1475 Descendenti
349 1420 427 1473 avide
439 1418 570 1490 superatis
581 1419 700 1489 Alpibus
710 1418 785 1472 ultro

160 1509 294 1579 Opposuit
308 1523 362 1560 sese
375 1507 528 1559 Hannibali.
548 1507 596 1560 Tu
608 1505 711 1559 Consul
724 1505 799 1559 abire

160 1597 188 1648 A
201 1595 302 1650 victore
313 1612 391 1665 paras
402 1595 487 1659 hoste,
500 1604 579 1662 atque
587 1594 704 1647 avellere
716 1595 794 1648 nobis

161 1683 266 1737 Scilicet
277 1684 327 1736 hoc
338 1692 397 1734 astu
409 1683 541 1735 Poenuml
561 1681 588 1734 si
600 1682 695 1734 deinde
708 1682 810 1736 sedebit

159 1769 326 1841 impavidus,
339 1787 388 1823 nec
399 1778 426 1821 te
434 1769 462 1821 in
474 1768 586 1839 Libyam
599 1779 698 1839 tuaque
709 1787 784 1823 arma
794 1779 926 1839 sequetur,

129 1924 132 1929 ¹
160 1861 246 1930 Capta
257 1860 394 1912 damnabis
405 1859 529 1913 consulta
537 1859 687 1928 improvida
699 1859 798 1912 Roma.

161 1949 212 2001 Sed
224 1947 265 2000 fac
278 1949 416 2001 turbatum
428 1958 584 2001 convertere
596 1946 680 2018 signa,
693 1956 800 2016 tuaeque

160 2037 258 2091 Classis
270 2036 329 2090 vela
342 2037 425 2106 sequi.
446 2029 544 2106 nempe⁴
553 2034 623 2087 idem
635 2035 686 2088 erit
698 2037 845 2102 Hannibal,
857 2037 934 2103 idem,

160 2126 246 2191 Cujus
258 2137 287 2178 tu
300 2125 403 2178 vallum
414 2124 503 2176 vidisti
515 2142 530 2177 e
543 2123 676 2177 moenibus
687 2124 772 2178 urbis.

158 2215 225 2266 Haec
232 2213 343 2265 Fabius:
365 2210 506 2281 seniorque
518 2227 612 2264 manus
624 2211 698 2281 paria
709 2229 756 2266 ore
768 2211 924 2267 fremebant.

158 2301 234 2353 Tum
245 2310 340 2353 contra
352 2299 469 2352 Consul:
488 2299 571 2351 Caesis
583 2299 741 2353 ductoribus
752 2299 819 2355 olim

157 2386 339 2457 Magnanimis
350 2387 404 2438 leto
416 2385 531 2456 gemino,
544 2403 608 2440 cum
619 2396 676 2439 tota
688 2385 803 2440 subisset

157 2475 297 2528 Sidonium
308 2491 426 2546 possessa
435 2476 534 2544 jugum
545 2475 682 2530 Tartessia
693 2475 785 2541 tellus,

156 2564 219 2616 Non
232 2563 323 2628 Fabio,
337 2581 401 2628 non,
415 2562 475 2632 quis
487 2563 579 2616 eadem
591 2575 631 2616 est
644 2553 774 2617 sententia
785 2564 871 2630 cordi,

158 2655 303 2723 Qtoquam
317 2652 351 2704 ad
363 2668 443 2722 opem
455 2669 542 2717 verso,
556 2652 651 2717 fateor,
666 2652 831 2722 primoribus
842 2653 914 2707 annis

156 2739 258 2808 Excepi
270 2740 370 2792 nubem
381 2739 455 2806 belli,
470 2739 595 2810 solusque
606 2741 696 2794 ruenti

156 2827 250 2892 Objeci
262 2828 329 2881 coelo
341 2840 431 2898 caput,
445 2841 524 2900 atque
535 2829 564 2882 in
575 2847 618 2883 me
629 2831 719 2884 omnia
730 2832 811 2885 verti.
841 2827 846 2832 ⁴

154 2916 230 2969 Tum
238 2917 382 2987 grandaeva
394 2932 496 2986 nunna,
510 2936 595 2989 puero
606 2920 676 2974 male
687 2921 789 3000 credita
800 2921 881 2987 bella,
