2010 3450
118 293 149 349 86
316 303 411 344 arasa
430 298 500 342 rur.
537 302 569 341 v.
580 300 726 356 145-174·

119 410 224 463 Ductor
234 416 262 460 et
273 407 417 462 Autololas
429 407 510 461 dabat
521 416 548 458 et
559 406 701 461 Maurusia
713 407 776 461 tela.

119 497 157 562 Is,
170 495 274 567 trepido
285 512 314 549 ac
325 493 424 548 litudm
433 484 533 547 tinnitu
546 503 615 547 stare
627 496 734 565 neganti
784 480 788 484 ¹

120 583 280 655 imperitans
291 582 424 636 violenter
434 599 515 652 equo,
528 591 670 651 postquam
680 582 793 638 auribus
804 584 889 639 hostis

121 673 247 726 Vicinum
259 688 314 726 sese
325 671 409 737 videt,
422 688 465 736 en,
479 670 595 724 clamore
607 671 768 741 propinquo,

123 757 252 811 Claudius
263 758 335 823 huic,
347 757 444 829 inquit,
459 756 616 830 (praestabat
628 755 760 811 Claudius
769 769 828 812 arte

123 844 255 912 Bellandi,
266 856 292 899 et
304 844 400 900 merita
410 844 485 898 mille
495 844 565 897 inter
577 843 674 914 proelia
684 844 770 913 fama)

122 932 193 997 Huc,
206 930 300 1000 inquit,
313 932 409 998 solum,
423 930 445 985 si
455 949 510 1003 qua
520 941 560 984 est
571 930 670 986 fiducia
679 932 794 999 dextrae,

122 1019 176 1073 Det
188 1036 243 1073 sese
255 1037 358 1092 campo,
368 1030 447 1089 atque
458 1019 529 1074 ineat
539 1020 686 1075 certamina
695 1037 814 1077 mecum.

123 1109 184 1160 Una
197 1125 271 1162 mora
282 1109 422 1173 AEneadae,
434 1119 576 1180 postquam
586 1125 642 1162 vox
654 1109 742 1181 attigit
754 1126 844 1178 aures,

123 1197 198 1250 Dum
208 1197 284 1251 daret
295 1197 443 1268 auspicium
450 1198 549 1268 jusque
560 1194 587 1250 in
600 1197 746 1252 certamina
756 1199 866 1254 ductor.

125 1285 298 1340 Praevetitum
309 1302 422 1354 namque
435 1295 461 1338 et
473 1285 580 1356 capital,
596 1285 767 1340 committere.
773 1288 896 1344 Martem

125 1372 224 1442 Sponte
236 1372 311 1424 viris.
331 1371 458 1442 Erumpit
469 1389 562 1438 ovans,
575 1383 606 1426 ut
618 1372 731 1427 Fulvius
742 1391 822 1429 arma

123 1460 240 1530 imperio
253 1460 342 1528 solvit,
355 1460 531 1530 patulumque
540 1460 660 1515 invectus
672 1461 699 1514 in
712 1479 808 1532 aequor

124 1548 212 1619 Erigit
222 1548 368 1603 undantem
380 1547 529 1619 glomerato
543 1539 652 1618 puluere
665 1550 774 1603 nubem.

123 1637 281 1707 indignatus
292 1655 371 1708 opem
381 1636 490 1702 amenti,
504 1636 627 1707 socioque
637 1638 732 1703 juvare

96 1768 98 1777 ,
123 1725 276 1796 Expulsum
288 1725 358 1780 nodo
367 1724 499 1792 jaculum,
511 1734 590 1795 atque
601 1740 732 1778 arcessere
741 1724 824 1792 vires,

123 1813 232 1867 Taurea
242 1814 366 1868 vibrabat
377 1814 454 1869 nudis
465 1813 604 1868 conatibus
616 1813 729 1867 hastam.

124 1901 201 1965 Inde,
215 1918 294 1955 ruens
306 1901 354 1965 ira,
368 1903 452 1955 telum
464 1911 624 1971 contorquet
635 1901 662 1954 in
673 1919 763 1957 auras.

124 1989 164 2040 At
177 2005 230 2040 non
239 1987 310 2041 idem
320 1988 423 2042 animus
435 1988 554 2041 Rutulo:
578 1987 739 2059 speculatur,
752 1999 779 2042 et
791 1991 867 2046 omni

125 2076 246 2147 Corpore
258 2077 411 2147 perlustrat,
426 2094 479 2146 qua
491 2075 523 2128 sit
534 2075 681 2130 certissima
692 2077 765 2130 ferro

125 2167 158 2218 ln
171 2165 271 2218 vulnus
281 2164 335 2218 via.
355 2182 425 2218 nunc
437 2164 527 2228 librat,
542 2180 613 2217 nunc
624 2163 777 2234 comprimit
788 2165 904 2234 hastam,

126 2255 312 2322 Mentiturque
323 2251 424 2318 minas;
442 2251 557 2305 mediam
568 2262 633 2305 tunc
645 2252 768 2323 transigit
780 2253 838 2309 ictu

126 2344 260 2407 Parmam,
275 2340 319 2394 sed
330 2350 407 2413 grato
418 2338 539 2393 fraudata
550 2349 589 2392 est
599 2341 727 2410 sanguine
738 2342 839 2414 cuspis.

126 2434 202 2485 Tum
214 2431 335 2484 strictum
347 2445 460 2499 propere
471 2428 568 2498 vagina
579 2428 676 2501 deripit
688 2445 791 2483 ensem.

126 2521 162 2572 Et
172 2520 228 2584 jam
238 2518 336 2572 serrata
346 2517 464 2588 rapiebat
476 2516 547 2570 calce
559 2516 696 2570 volantem

126 2609 233 2661 Taurea
244 2606 423 2675 cornipedem,
438 2603 542 2675 fugiens
555 2602 704 2657 minitantia
715 2602 781 2656 fata.

55 2702 57 2707 ⁴
124 2696 182 2748 Nec
194 2691 311 2746 Rutulus
322 2691 408 2745 levior
418 2690 535 2745 cedentis
548 2690 678 2761 prendere
687 2700 771 2760 terga.

55 2843 57 2848 .
125 2782 194 2834 Nam
205 2779 320 2850 profugo
332 2778 440 2849 rapidus
451 2777 516 2831 fusis
527 2777 640 2831 instabat
653 2777 773 2831 habenis.

124 2869 214 2934 thue
225 2878 312 2920 metus
322 2868 434 2933 victum,
448 2866 484 2920 sic
496 2865 537 2919 ira
548 2873 574 2919 'et
585 2864 670 2937 gloria
683 2864 766 2934 portis

124 2955 260 3008 Victorem
271 2953 391 3020 immisit,
403 2954 543 3026 meritique
552 2953 650 3025 cupido
661 2952 777 3008 cruoris.
824 3011 827 3015 ,
