2010 3450
280 265 371 315 mm
391 270 435 311 xt.
471 272 500 310 v.
518 270 665 322 ¹¹5-144·
848 269 880 323 33

63 383 221 436 Venturum
229 377 321 442 decus,
333 387 361 429 et
374 375 477 446 Capuae
488 374 622 445 pereuntis
633 373 722 444 imago

62 473 126 539 Jam
137 480 197 526 tum
205 475 263 520 erat
275 473 337 518 ante
348 463 455 530 oculos)
470 464 530 516 Non
543 462 564 514 si
579 458 760 531 Karthaginis,
778 456 874 527 inquit,

64 558 216 611 Ductorem
227 551 326 605 vestris
337 550 493 624 devinctum
504 547 574 600 colla
583 545 683 599 catenis

62 645 182 699 Romam
191 641 280 695 victor
291 640 357 710 agis,
371 637 481 706 posthac
494 638 593 688 intrare
606 633 716 710 Qtirini

63 734 184 786 Socratas
197 732 308 792 dabitur
319 731 403 783 sedes.
423 728 502 780 tende
514 728 599 790 ocius,
611 744 670 790 oro,

63 824 128 894 Qo
139 837 216 874 mens
227 836 301 890 tegra
311 826 402 871 vocat.
422 813 557 870 Referunt
566 814 623 868 haec
635 814 697 867 inde
707 812 781 867 citati

61 908 154 961 Mixta
166 906 246 964 minis
258 914 285 958 et
297 915 376 957 torva
387 903 470 957 trucis
483 917 609 972 responsa
617 903 740 954 Senatus.

60 996 197 1060 Tantane,
209 993 389 1064 omnipotens,
402 990 516 1062 caligine
529 1007 614 1043 mersa
625 990 708 1042 latere

61 1086 127 1138 Fata
138 1083 244 1157 piacet?
258 1083 349 1136 veniet
361 1083 498 1154 quondam
510 1081 613 1135 felicior
624 1093 698 1147 aetas,

63 1173 135 1226 Cum
148 1174 191 1243 pia
204 1173 344 1243 Campano
356 1171 483 1243 gaudebit
496 1169 617 1238 Consule
629 1171 727 1236 Roma,

61 1261 98 1313 Et
109 1276 159 1330 per
170 1258 242 1313 bella
254 1259 302 1313 diu
313 1259 398 1314 fasces
408 1275 509 1329 perque
520 1276 595 1311 arma
606 1270 715 1330 negatos

61 1347 143 1400 Ultro
154 1344 190 1400 ad
202 1345 385 1417 magnanimos
399 1346 495 1400 referet
507 1363 600 1417 secura
611 1356 730 1416 nepotes.

61 1435 145 1488 Poena
157 1435 339 1506 superborum
351 1445 440 1489 tamen
453 1435 511 1488 haec
522 1435 629 1490 durabit
640 1452 765 1500 avorum,
801 1459 804 1467 ·

62 1524 212 1596 Quod-non
224 1535 286 1578 ante
299 1541 360 1578 suos
373 1525 467 1595 Capua
478 1525 513 1578 ad
525 1524 649 1596 suffragia
656 1525 759 1590 mittet,

62 1614 153 1686 Qam
167 1610 309 1682 Karthago
321 1627 393 1664 suos.
419 1612 567 1681 Postquam
579 1627 651 1665 nunc
662 1611 733 1664 dicta
746 1612 867 1679 Senatus,

61 1702 140 1756 Nunc
153 1699 224 1754 iacta
235 1700 370 1770 exposuit,
385 1712 443 1754 tum
455 1701 526 1769 veris
536 1700 602 1757 falsa
611 1716 660 1770 per
671 1709 756 1752 artem

61 1789 167 1842 Virrius
178 1788 327 1842 admiscens
338 1789 433 1843 cecinit
446 1789 525 1843 fatale
536 1789 640 1843 cruenti

60 1877 192 1931 Turbatis
206 1876 313 1947 signum
325 1877 400 1930 belli.
422 1878 529 1931 Furiata
537 1879 667 1944 juventus

61 1965 157 2030 Arma,
164 1965 460 2036 arma,Hannibalemq;
467 1967 573 2022 volunt.
582 1965 750 2036 Ruitundiq;
757 1965 867 2039 vulgus,

61 2055 95 2108 Et
108 2056 208 2110 Poenos
220 2055 247 2108 in
259 2066 328 2131 tecta
339 2066 451 2120 vocant:
472 2055 590 2128 ingentia
602 2055 671 2109 facta

60 2143 159 2208 Sidonii
168 2144 278 2211 juvenis
289 2143 437 2208 celebrant,
451 2155 481 2196 ut
494 2144 597 2215 ruperit
608 2143 694 2214 Alpes

60 2232 186 2301 Herculei
199 2233 287 2288 socius
299 2233 415 2298 decoris,
429 2232 559 2302 Divisque
571 2232 736 2303 propinquas

58 2322 210 2378 Transierit
221 2339 303 2377 cursu
315 2339 397 2394 rupes
408 2343 414 2375 ι
436 2333 467 2375 ut
477 2322 551 2375 caede
564 2321 661 2374 referta

59 2409 194 2465 clauserit
207 2409 318 2465 Eridani
330 2411 418 2465 victor
429 2413 513 2464 vada:
534 2411 622 2464 victor
633 2421 664 2466 ut
675 2409 746 2463 idem
780 2434 784 2441 ·

58 2497 142 2569 Lydia
154 2499 281 2552 Romano
293 2495 411 2551 turbirit
423 2510 515 2570 stagna
527 2514 633 2552 cruore.

57 2583 93 2637 Ut
104 2585 216 2639 Trebiae
229 2585 302 2655 ripas
312 2597 414 2639 aeterno
427 2588 533 2640 nomine
544 2572 625 2640 fatnae

56 2671 223 2746 tradiderit,
236 2672 417 2744 Paullumque
428 2675 500 2728 idem
512 2675 581 2729 inter
594 2674 698 2745 proelia,
710 2686 736 2729 et
747 2675 819 2744 idem

58 2761 230 2826 Flaminium,
244 2779 369 2832 proceres
382 2780 483 2830 rerum,
495 2764 630 2817 demiserit
642 2765 755 2820 umbris.

57 2848 102 2902 His
114 2865 200 2921 super,
209 2850 329 2904 excisam
341 2851 453 2921 primori
465 2853 557 2905 Marte
569 2855 726 2922 Saguntum,
745 2836 747 2841 ⁴
804 2892 806 2899 >

57 2935 90 2992 Et
98 2941 166 3012 juga
179 2940 308 3020 Pyrenes,
320 2942 484 3015 et21berum,
497 2953 523 2996 et
536 2958 609 3020 sacra
619 2942 751 3014 parentis,
764 2997 766 3000 ,
781 2989 784 2994 .
824 3010 827 3013 1
859 2986 861 2991 2

91 3044 166 3086 ΥΟΕ.
189 3044 227 3084 11.
354 3053 355 3058 ’
466 3045 485 3085 1>
