2010 3450
148 281 188 351 76·¹
356 288 446 333 aissa
460 287 529 329 xit..
548 276 744 342 ›mdes-714.

145 399 280 466 Increpat,
294 403 374 466 atque
386 393 468 448 armis
478 393 598 448 imitatur
609 411 749 448 murmura
759 394 834 449 coeli.
871 428 877 443 ι
925 422 928 427 ·

145 485 185 538 Ut
196 500 262 537 vero
274 481 384 553 accepit,
397 491 502 536 tantum
512 481 647 536 confidere
659 481 737 535 Divis

145 572 282 629 Ausonios
294 571 396 634 Patres,
411 570 593 638 submissaque
603 569 685 623 Baetis
696 571 730 623 ad
741 586 802 624 oras

144 659 268 724 Auxilia,
280 668 307 712 et
320 668 401 712 noctu
413 673 585 729 progressum
597 656 731 710 moenibus
741 673 854 728 agmen:

144 747 187 799 Sic
199 745 298 816 agitare
310 732 427 799 fremens
439 744 559 797 obsessos
570 743 632 807 otia,
642 743 750 811 jamque

144 836 269 886 Securum
281 832 438 885 Hannibalis
450 833 576 898 Romam,
590 831 734 888 violentior
744 832 834 885 instat.

48 951 53 958 ·
141 923 256 992 Jamque
268 920 465 993 propinquabat
478 937 566 986 muro,
581 937 643 974 cum
654 920 762 990 Jupiter
772 939 877 993 aegram
948 945 952 952 ·

142 1010 279 1077 Junonem
289 1006 437 1078 alloquitur
447 1007 529 1073 curis,
542 1006 696 1078 mulcetque
707 1009 856 1063 monendo:

142 1096 259 1154 Nullane
273 1096 380 1149 Sidonio
388 1096 493 1162 juveni,
506 1097 662 1167 conjuxque
674 1096 803 1165 sororque

144 1184 215 1237 Cara
226 1183 302 1249 mihi,
315 1201 368 1250 pon
380 1183 436 1248 ulla
449 1200 567 1251 unquam
578 1184 634 1236 sine
644 1183 698 1238 fine
710 1184 793 1239 feroci

142 1270 238 1325 Addes
248 1269 323 1323 frena
333 1271 408 1323 viro?
429 1270 521 1324 Fuerit
533 1270 622 1337 delere
635 1273 794 1342 Saguntum,

142 1359 293 1427 Exsequare
305 1357 399 1428 Alpes,
412 1358 550 1428 imponere
561 1357 671 1425 vincula
682 1375 757 1412 sacro

141 1447 271 1513 Eridano,
285 1445 387 1500 foedare
398 1445 483 1499 lacus.
503 1446 617 1500 etiamne
629 1447 734 1516 parabit

143 1534 311 1598 Nostrasille
323 1534 426 1600 domos,
437 1544 540 1587 nostras
551 1550 727 1605 perrumpere
738 1534 765 1589 in
777 1546 866 1592 arceat

143 1623 210 1676 Siste
221 1624 322 1677 virum.
342 1639 457 1693 namque
471 1624 512 1694 (ut
524 1621 623 1690 cernis)
641 1624 698 1689 jam
711 1622 813 1694 flagitat
824 1625 908 1697 ignes,

141 1713 178 1766 Et
189 1723 266 1784 parat
275 1711 391 1766 accensis
402 1710 500 1764 imitari
512 1710 626 1764 fulmina
639 1712 763 1765 flammis.

140 1802 192 1856 His
200 1802 290 1868 dictis,
303 1810 391 1873 grates
402 1800 466 1872 agit,
479 1816 510 1854 ac
523 1800 631 1853 turbata
643 1817 691 1870 per
702 1818 781 1854 auras

141 1889 266 1954 Desolat,
279 1899 306 1942 et
318 1905 413 1960 prensa
422 1887 530 1954 juvenis
543 1887 668 1940 Saturnia
678 1887 784 1954 dextra,

142 1983 205 2054 Qo
217 1978 282 2056 ruis,
295 1995 312 2031 o
324 1993 418 2043 vecors
427 1975 605 2047 tmajoraque
617 1975 689 2030 bella
700 1977 823 2047 capessis,

140 2066 255 2139 Mprtali
266 2083 348 2136 quam
360 2065 429 2119 ferre
440 2065 549 2125 datum?
567 2066 641 2132 Juno
653 2064 748 2133 inquit,
761 2075 788 2117 et
799 2075 886 2123 atram
945 2093 948 2098 ·

141 2153 265 2209 Dimovit
278 2154 389 2218 nubem,
401 2169 520 2223 veroque
532 2153 656 2224 apparuit
667 2170 724 2224 ore.

139 2243 202 2298 Non
214 2241 264 2294 tibi
274 2259 337 2296 cum
350 2240 466 2313 Phrygio
478 2257 520 2294 res
532 2241 694 2296 Laurentiue
705 2243 812 2309 colono,

141 2330 194 2394 En,
206 2346 265 2400 age,
277 2333 415 2400 (namque,
429 2327 514 2381 oculis
525 2342 614 2382 amota
625 2331 698 2385 nube
710 2349 865 2404 parumper,

140 2417 260 2477 Cernere
270 2428 367 2471 cuncta
378 2416 459 2487 dabo)
473 2417 558 2488 surgit
570 2437 623 2489 qua
634 2419 719 2474 celsus
731 2421 765 2474 ad
777 2439 866 2490 auras,

62 2531 63 2534 =
139 2505 249 2576 Aspice,
261 2505 359 2558 montis
368 2522 445 2575 apex,
459 2505 574 2559 vocitata
587 2507 687 2560 Palatia
697 2508 754 2580 regi
811 2556 814 2561 ⁴
869 2532 874 2540 ·

139 2592 281 2647 Parrhasio
293 2593 372 2663 plena
386 2604 458 2647 tenet
470 2604 496 2648 et
508 2606 648 2649 resonante
662 2596 797 2668 pharetra,

138 2681 310 2750 Intenditque
322 2699 425 2748 arcum,
438 2691 465 2734 et
477 2699 580 2753 pugnas
592 2684 738 2738 meditatur
750 2686 872 2756 Apollo.-

138 2771 190 2834 At,
204 2788 257 2841 qua
268 2771 361 2825 vicinis
372 2771 442 2825 tollit
456 2789 483 2825 se
495 2773 610 2838 collibus
622 2773 684 2828 altae

136 2859 397 2926 MolisAveutinus,
410 2860 512 2927 viden',
526 2873 557 2915 ut
567 2863 679 2917 Latonia
689 2864 768 2935 virgo

138 2946 274 3008 Accersas
284 2949 384 3018 quatiat
397 2949 597 3031 Phlegethontis
608 2953 716 3025 gurgite,
726 2955 824 3022 taedas,
