2010 3450
323 263 415 307 'mm
433 265 464 308 x.
501 267 531 303 r.
543 267 691 320 475-504.
703 251 712 275 “·
878 271 909 321 ¹9

100 368 246 446 Depugnet
259 371 325 424 sorti
335 369 450 438 juvenis,
464 387 623 439 nomenque,
636 372 770 442 decusque

100 462 234 534 Erogitat,
248 459 350 528 letique
363 458 441 512 simul
453 460 611 529 compendia
622 461 714 513 donat.

99 549 151 604 llic
164 550 254 604 Cinna
267 548 314 616 (ad
326 547 426 617 Tyrios
438 563 553 617 namque
565 548 587 600 is
600 565 648 602 sua
659 559 776 602 verterat
786 566 869 614 arma,

99 638 236 691 Credulus
247 626 376 700 adversis,
390 645 416 687 ct
428 644 487 687 tum
498 652 587 688 comes
599 637 654 690 ibat
666 639 770 705 ovanti)

99 725 223 780 Auribus
236 724 309 788 huic,
323 722 420 794 inquit,
433 721 530 774 ductor
543 723 695 789 fortissime,
708 726 785 795 origo
797 734 837 777 est

99 814 160 867 Non
172 811 282 884 indigna
292 810 354 864 tuis.
375 810 523 885 Qondam
535 811 585 863 sub
598 811 717 880 Regibus
728 811 774 863 illa

101 907 171 978 Qae
185 901 300 971 Libycos
312 899 400 952 renuit
413 897 513 962 frenos,
527 901 578 953 sub
591 899 712 969 Regibus
723 899 788 952 olim
806 972 808 976 Ι

99 991 187 1043 Roma
199 988 261 1042 fuit.
282 987 422 1050 sedenim,
437 986 533 1039 solium
545 986 682 1057 indignata
695 988 818 1058 Superbi,

99 1081 136 1132 Ut
149 1088 257 1148 sceptra
268 1075 368 1147 exegit,
381 1075 523 1128 confestim
535 1075 651 1145 ingentia
662 1076 733 1130 bella

99 1166 210 1220 Clusina
220 1181 319 1218 venere
331 1165 422 1217 domo.
443 1163 471 1215 si
484 1163 600 1215 Porsena
611 1163 692 1217 fando

100 1255 221 1308 Auditus
233 1253 293 1317 tibi,
308 1252 329 1304 si
342 1251 448 1316 CocleS,
461 1249 481 1303 si
495 1250 579 1321 Lydia
589 1261 685 1304 castra.

99 1345 160 1409 Ille,
174 1358 226 1414 ope
240 1340 360 1395 Maeonia
370 1351 398 1393 et
409 1339 512 1410 populo
524 1339 675 1394 succinctus
687 1342 812 1408 Etrusco,

99 1431 227 1485 Certabat
240 1430 331 1501 pulsos
343 1445 393 1499 per
402 1427 475 1480 bella
487 1443 616 1497 reponere
629 1430 726 1500 Reges.

99 1520 191 1573 Multa
200 1519 268 1571 adeo
281 1517 462 1584 nequidquam
472 1515 543 1568 ausi:
557 1517 703 1586 pressitque
715 1528 845 1588 tyrannus

98 1607 251 1675 laniculum
262 1604 431 1658 incumbens.
452 1603 506 1657 Ubi
518 1621 592 1670 mox,
602 1606 658 1672 jam
671 1623 734 1675 paee
746 1610 868 1677 probata,

100 1696 289 1766 Compresscre
302 1693 373 1757 odia,
386 1703 413 1745 et
427 1693 544 1764 positum
555 1711 618 1747 curn
631 1693 731 1748 soedere
743 1695 857 1760 bellurn,

99 1783 299 1851 Obsidibusque
310 1781 439 1835 obstricta
449 1781 524 1846 tides,
539 1797 722 1836 mansuescere
734 1784 816 1837 corda

98 1873 201 1937 Nescia,
217 1889 266 1942 pro
280 1870 390 1941 Superil
407 1880 433 1922 ct
445 1869 482 1922 nil
497 1888 550 1923 non
563 1870 664 1923 immite
675 1880 768 1941 parata

98 1960 173 2011 Gens
185 1956 287 2011 Italum
299 1974 349 2027 pro
361 1956 439 2011 laude
453 1957 519 2028 patil
535 1958 577 2011 bis
590 1957 688 2010 Cloelia
700 1973 776 2011 senos

97 2045 226 2099 Nondum
238 2043 386 2114 complerat
398 2046 521 2115 primaevi
533 2048 653 2116 corporis
664 2063 757 2110 annos,

97 2134 156 2186 Una
168 2124 324 2203 puellarum
336 2133 512 2201 Laurentum,
525 2146 552 2188 et
564 2135 676 2206 pignora
687 2135 759 2206 pacis

96 2223 170 2275 Inter
183 2221 318 2291 virgineas
330 2220 386 2292 regi
398 2222 551 2276 transmissa
561 2233 694 2276 catervas:

97 2312 189 2377 (Facta
200 2310 293 2362 virdm
304 2309 382 2377 sileo)
397 2327 458 2381 rege
467 2310 535 2376 lraec,
547 2321 574 2362 et
587 2310 698 2374 foedeoe,
713 2321 740 2364 et
751 2311 837 2375 annis,

96 2394 130 2447 Et
143 2394 229 2448 fluvio
243 2395 347 2462 spretis,
361 2396 503 2450 mirantem
516 2397 637 2450 interrita
647 2397 782 2467 Thybrim

96 2486 240 2548 manavit,
253 2485 379 2555 frangens
392 2486 493 2539 undam
505 2486 654 2557 puerilibus
666 2485 745 2540 ulnis

97 2574 148 2626 Cui
161 2574 183 2626 si
196 2571 326 2626 mutasset
336 2590 432 2626 sexum
441 2576 553 2640 Natura,
567 2575 667 2628 reverti

95 2663 194 2716 Forsan
206 2656 364 2730 Tyrrhenas
376 2663 425 2717 tibi
438 2680 491 2716 non
504 2661 620 2716 licuisset
633 2661 660 2714 in
673 2679 743 2728 oras,

95 2749 220 2805 Porsena.
243 2750 294 2803 Sed
303 2750 398 2816 juveni
412 2755 458 2820 (ne
468 2752 518 2804 sirn
530 2751 578 2804 tibi
592 2749 708 2821 longior)
721 2751 782 2805 hinc
794 2763 834 2807 est

95 2837 128 2890 Et
140 2856 227 2910 genus
239 2848 267 2890 et
278 2837 350 2892 clara
361 2841 563 2893 memorandum
575 2857 591 2892 a
601 2839 705 2910 virgine
717 2857 824 2897 nomen.

94 2926 171 2980 Talia
183 2926 252 2981 dum
264 2926 367 2997 pandit,
380 2927 485 2982 vicinus
497 2938 571 2998 parte
584 2927 688 2982 sinistra
