2010 3450
322 270 412 311 muse
431 270 501 311 xnr·
538 264 694 325 »ης-84.
818 252 822 259 ’
879 269 911 329 83

106 376 312 432 Laomedonteae
324 375 399 428 sedes
410 373 513 446 ingrata
524 375 673 430 Minervae:

105 466 176 520 Cum
187 464 292 518 medios
302 463 373 516 inter
386 480 493 516 somnos
503 463 637 535 altamque
647 465 772 534 quietem,

104 555 159 609 Nec
170 552 257 607 celata
269 553 366 617 Deam,
379 561 406 604 et
417 551 542 607 minitans
553 553 678 607 Tritonia
687 553 780 624 virgo:

103 644 164 698 Non
177 640 378 711 brem-Tydide,
391 650 474 693 tanta*
485 657 535 711 pro
547 640 633 695 laudis
645 641 748 695 honore

104 733 194 805 Digna
205 748 295 800 paras,
310 746 364 784 non
377 731 531 802 Garganus,
544 747 594 784 nec
605 731 710 784 Daunia
721 730 801 784 tellus

102 820 248 874 Debentur
259 818 347 871 nobis.
367 835 457 890 quaere
468 818 496 870 in
508 819 686 872 Laurentibus
696 820 780 885 arvis,

103 908 160 985 Qi
170 924 245 960 nunc
257 906 344 977 prima
356 906 444 960 locant
456 905 573 959 melioris
584 906 684 959 moenia
695 907 799 974 Trojre.

101 998 163 1052 Huc
174 996 257 1049 vittas
267 1005 423 1064 castumque
435 993 507 1048 refer
517 993 652 1064 penetrale
663 1004 815 1065 parentum.

103 1081 173 1160 Quis
184 1081 308 1154 trepidus
320 1080 427 1134 monitis
440 1081 563 1134 Saturnia
574 1097 656 1152 regna
665 1083 785 1153 capessit.

99 1172 161 1240 Jam
173 1168 267 1240 Phryx
278 1169 410 1223 condebat
422 1167 535 1222 Lauinia
546 1169 674 1242 Pergama
684 1170 781 1237 victor,

100 1260 245 1328 Armaque
257 1257 384 1310 Laurenti
396 1257 495 1327 figebat
506 1256 592 1310 Troia
603 1257 674 1313 luco.

100 1345 207 1399 Verum
218 1343 266 1397 ubi
277 1344 416 1414 Tyrrheni
428 1355 587 1414 perventum
597 1345 631 1398 ad
645 1345 763 1399 fluminis
774 1345 867 1414 undat,

99 1431 264 1504 [Castraque
275 1431 395 1502 Tydides
407 1431 496 1502 posuit
506 1429 635 1503 fulgentia
647 1432 728 1504 ripa,]

98 1521 242 1576 Priamide
253 1519 415 1574 intremuere
427 1529 512 1574 metu.
531 1522 617 1586 Tum,
631 1520 743 1591 pignora
750 1521 822 1592 pacis

99 1605 273 1660 Praetendens
284 1604 380 1658 dextra
390 1621 496 1658 mmum
507 1604 625 1659 canentis
636 1605 725 1671 oiivae,
839 1646 843 1652 .

100 1693 143 1747 Sic
154 1709 233 1746 orsus
246 1692 336 1746 Dauni
348 1708 430 1762 gener
440 1692 511 1747 inter
521 1709 661 1747 murmura
672 1692 827 1747 Teucrum:

98 1781 182 1847 Pone,
196 1780 512 1845 Anchisiadqmemores
523 1781 629 1852 irasque
640 1791 795 1852 metusque:

100 1869 243 1946 Qidquid
254 1869 289 1923 ad
300 1870 388 1923 ldaeos
399 1871 540 1924 Xanthum
553 1870 738 1938 Simoentaque
750 1869 830 1923 uobis

99 1957 232 2030 Sanguine
243 1955 368 2010 sudatum
378 1957 513 2027 Scaeaeque
523 1956 557 2008 ad
568 1955 660 2010 limina
673 1967 768 2026 portae,

98 2045 180 2101 Haud
191 2054 314 2098 uostrmn
325 2056 380 2098 est:
398 2060 475 2116 egere
489 2044 539 2098 Dei
550 2045 678 2116 duraeque
690 2061 803 2099 sorores.

97 2135 188 2200 Nunc,
200 2150 259 2205 age,
273 2133 347 2204 quod
358 2143 486 2204 superest,
500 2150 549 2186 cur
559 2149 613 2185 non
626 2132 790 2199 melioribus,
804 2132 866 2200 aeri,

98 2219 232 2275 Ducimur
242 2219 383 2290 auspiciis?
401 2220 509 2277 dextras
518 2220 661 2290 jungamus
673 2220 797 2274 inermes.

98 2308 228 2374 Foederis,
240 2320 285 2373 en,
298 2308 357 2362 haec
367 2307 441 2361 testis
452 2308 512 2360 erit.
532 2307 700 2380 Veniamque
712 2317 834 2379 precatus

97 2399 248 2466 Troianam
259 2408 375 2452 ostentat
386 2399 498 2469 trepidis
510 2398 543 2452 de
554 2417 643 2471 puppe
656 2399 821 2454 Minervam.

97 2487 164 2541 liaec
174 2504 255 2543 ausos
267 2485 359 2541 Celtus
371 2488 519 2558 irrumpere
530 2487 629 2542 moenia
640 2489 738 2542 Romae

97 2574 240 2647 Corripuit
252 2576 322 2642 iet03
343 2592 429 2648 neque
441 2586 482 2629 tot
493 2577 526 2630 de
538 2576 657 2630 millibus
670 2594 754 2633 unum

96 2663 218 2736 Ingentis
228 2663 322 2736 populi
334 2666 434 2735 patrias
444 2664 544 2718 dimisit
555 2666 590 2719 ad
603 2681 672 2718 aras.

96 2752 146 2806 His
158 2752 264 2807 fractus
275 2751 374 2806 ductor
382 2752 498 2806 convelli
504 2752 586 2824 signa
596 2752 722 2824 maniplis

97 2842 197 2914 Optato
210 2840 282 2896 laetis
291 2840 366 2894 abitu
375 2841 464 2907 jubet.
484 2843 546 2894 itur
556 2842 584 2894 in
595 2857 684 2912 agros,
769 2882 776 2899 2

96 2928 182 2986 Dives
192 2928 246 2985 ubi
252 2939 316 2987 aute
326 2942 420 2984 omnes
428 2929 526 2984 colitur¹
538 2928 651 2985 Feronia
662 2928 733 2999 luco,
