2010 3450
282 155 387 208 ,lton
403 164 450 207 ιη
484 166 668 222 v.175—2o4
842 172 877 226 59

63 268 178 325 Clarium
192 268 356 351 Volscorum
366 269 445 327 Tulli
456 271 552 328 decute
567 283 608 327 ast
620 273 668 328 ubi
676 274 763 340 jusso,

62 359 116 414 Per
125 359 237 415 tacitum
250 360 339 433 ruptis
350 359 439 416 subita
449 362 478 415 vi
489 361 595 415 fundite
606 363 691 434 portis

60 449 196 509 Telorum
207 450 235 504 in
247 467 357 521 campos
368 450 501 506 nimbum.
523 451 596 505 ferar
606 452 663 522 ipse
675 450 785 506 revulsa

60 538 95 592 ln
107 538 219 605 medios,
231 539 406 610 equitumque
416 540 523 594 traham
532 540 688 606 certamina,
702 551 791 612 porta.

61 627 191 699 Dumque
202 644 234 681 ea
246 627 406 692 Marcellus,
415 629 473 695 jam
484 627 600 682 claustra
612 627 741 682 revellere
753 628 842 696 Poeni,

62 716 100 770 Et
112 716 188 771 scalis
201 727 305 786 spretos
317 717 456 771 tentabant
468 733 594 788 rumpere
605 733 709 771 muros.

60 803 210 858 Insonuere
223 804 301 858 tubae
310 803 418 874 passim,
429 803 587 874 clamorque
598 803 732 870 virorum,
847 843 854 857 .

60 890 252 961 Hinnitusque‚
264 891 344 946 simul
355 892 425 958 litui,
439 909 574 963 rauooque
585 892 707 948 tumultu

60 980 182 1046 Cornua,
194 991 222 1035 et
234 980 262 1034 in
273 980 403 1036 membris
410 997 540 1037 concussa
552 978 704 1035 furentibus
715 997 800 1036 arma.

61 1071 161 1126 Fertur
170 1070 268 1124 acerba
279 1069 337 1123 lues
347 1068 464 1136 disjectis
476 1067 593 1137 undique
604 1068 698 1140 portis,

63 1156 221 1229 Effusaeque
232 1166 317 1213 ruunt
326 1157 438 1231 inopino
450 1157 561 1213 flumine
573 1158 672 1226 turbae,
713 1208 716 1213 .

60 1246 210 1319 improbus
219 1256 251 1301 ut
262 1246 353 1302 fractis
364 1246 484 1301 exundat
494 1246 613 1302 molibus
625 1246 721 1313 annis,

61 1334 226 1407 Propulsum
237 1345 268 1390 ut
281 1336 368 1390 Borea
378 1334 495 1406 scopulis
508 1333 668 1407 impingitur
679 1352 786 1406 aequor,

59 1423 101 1477 Ut
113 1434 194 1496 rupto
206 1433 291 1477 terras
302 1423 433 1477 invadunt
444 1438 551 1478 carcere
561 1422 646 1476 venti.

60 1511 129 1577 Nec,
141 1521 271 1577 torrente,
284 1511 376 1581 Libys,
388 1511 447 1565 viso
459 1526 650 1580 armorumque
657 1508 805 1581 virumque
873 1520 878 1527 '

62 1599 202 1666 Dejectus,
216 1615 322 1671 sperare
333 1599 414 1654 valet.
436 1600 503 1653 Dux
516 1598 660 1652 Dardanus
672 1596 752 1651 instat

61 1688 199 1755 Attonito,
212 1705 375 1761 progressus
385 1706 465 1760 equo,
479 1687 614 1759 tergisque
626 1694 759 1740 ruentum

60 1777 225 1833 incumbens
238 1776 323 1844 hasta,
336 1777 420 1833 socios
431 1795 504 1832 nunc
515 1792 582 1831 voce
594 1774 702 1844 fatigat:

63 1865 160 1938 Perge,
168 1883 228 1939 age,
237 1865 281 1920 t‘er
286 1883 403 1939 gressus.
413 1866 509 1920 dexter
517 1866 602 1930 Deus;
609 1865 705 1935 horaq3
715 1871 806 1918 nostra
813 1873 868 1919 est.

62 1954 121 2008 Hac
133 1953 185 2008 iter
196 1954 232 2008 ad
242 1970 335 2008 muros
347 1955 460 2027 Capuae.
480 1955 560 2009 Nunc
573 1969 667 2007 rursus
678 1952 705 2005 in
718 1952 822 2006 hostem

63 2042 300 2108 conteremus:
321 2061 375 2113 quo
386 2042 503 2115 raperis?
518 2060 573 2097 non
583 2052 659 2114 terga
669 2050 790 2107 tuorum,

59 2126 113 2197 Te,
125 2131 227 2186 ductor
240 2130 343 2203 Libyae,
356 2131 497 2204 increpito.
511 2141 561 2186 sta.
574 2147 695 2202 campus,
708 2140 736 2183 et
747 2147 834 2199 unta,

60 2221 96 2275 Et
107 2222 188 2276 Mars
200 2221 228 2276 in
238 2222 372 2277 manibus.
388 2221 504 2277 Dimitto
511 2230 530 2274 'e
539 2221 613 2275 caede
624 2219 759 2274 cohortes.

63 2309 222 2380 spectemur
233 2308 294 2362 soli.
307 2309 457 2366 Marcellus
468 2309 566 2382 proelia
577 2323 669 2380 poteo.

63 2396 105 2453 Sic
116 2407 209 2453 rector
220 2396 329 2452 Latius:
340 2399 489 2470 juvenique
498 2397 627 2452 invadere
638 2412 758 2468 pugnam

62 2485 171 2542 Barcaeo
182 2485 314 2541 suadebat
325 2487 413 2543 honor
424 2487 594 2560 pretiumque
606 2485 710 2557 pericli.

62 2575 112 2630 Sed
120 2593 176 2630 non
187 2574 251 2630 haec'
257 2570 363 2646 placido
375 2568 500 2631 cernebat
512 2584 622 2648 pectore
633 2575 717 2641 Juno,

63 2661 216 2736 Coeptoque
227 2661 327 2718 avertit
338 2682 464 2737 suprema
474 2665 503 2718 in
514 2663 570 2718 fata
582 2672 715 2718 ruentem.

64 2749 157 2807 sistere
166 2751 310 2825 perculsos
320 2753 367 2807 ille
378 2767 405 2809 et
415 2769 543 2900 revfme
554 2753 669 2808 laborat.

64 2839 178 2899 Talesne
189 2841 324 2932 etgremio
335 2844 438 2918 Capuae
462 2843 580 2916 ectisque
590 2841 700 2898 sinistris
743 2880 748 2888 .
814 2855 816 2858 ·
