2010 3450
329 300 418 344 tissa
437 299 469 341 x.
505 302 535 342 v.
545 292 693 358 535—564.
877 303 908 341 ιι

100 413 152 477 Ac,
164 408 249 464 ferale
260 409 352 472 decus,
360 416 470 461 moestas
480 407 515 460 ad
525 408 604 461 busta
616 422 765 479 cupressos.
816 410 819 416 '

99 501 232 555 Funereas
243 507 304 551 tunt
314 496 409 549 deinde
420 513 499 567 pyras
511 496 655 550 certamine
666 503 779 550 texunt:

99 587 225 642 Officium
237 584 332 638 infelix
344 594 371 636 et
383 601 480 637 munus
491 584 570 637 inane
581 583 717 654 peremtis.

98 676 193 729 Donec
204 673 359 728 anhelantes
370 682 462 744 stagna
474 672 500 725 in
512 672 649 726 Tartessia
661 672 780 725 Phoebus

97 764 195 818 Mersit
206 779 301 832 equos,
315 760 471 832 fugiensque
482 759 545 831 polo
556 762 666 814 Titania
677 775 777 813 caecam

100 851 195 904 Orbita
206 849 324 921 nigranti
336 848 418 901 traxit
429 847 542 918 caligine
554 858 669 902 noctem.

99 938 171 1001 Post,
186 936 233 989 ubi
246 936 380 989 fulserunt
388 935 482 1006 primis
493 935 669 989 Phaethontia
681 935 757 989 frena

99 1026 222 1096 Ignibus,
235 1035 313 1093 atque
326 1023 366 1077 sui
377 1024 456 1077 terris
468 1023 571 1076 rediere
582 1023 694 1089 colores,

99 1115 261 1183 Supponunt
273 1112 417 1176 flammam,
430 1121 457 1165 et
469 1111 604 1165 manantia
612 1130 725 1182 corpora
735 1113 799 1166 tabo

101 1200 198 1255 Hostili
210 1200 307 1254 tellure
319 1211 446 1253 cremant.
467 1200 546 1253 Subit
557 1200 666 1255 horrida
677 1214 796 1256 mentem
852 1201 858 1207 ’

101 1291 228 1344 Formido
239 1291 332 1344 incerti
343 1308 429 1356 casus,
443 1290 591 1362 tacitusque
602 1304 721 1363 pererrat

99 1378 198 1430 Intima
209 1376 292 1429 corda
301 1393 395 1448 pavor,
408 1376 428 1429 si
441 1375 547 1431 forsita
559 1379 657 1432 Martis
667 1379 751 1451 iniqui

102 1466 172 1518 Mox
184 1465 263 1529 ferat,
276 1465 325 1518 hac
336 1465 398 1533 ipsis
409 1465 515 1520 inimica
528 1467 587 1520 sede
593 1467 747 1533 jacendum.
835 1454 837 1457 ’

102 1555 163 1618 Ast,
176 1544 236 1618 tibi,
250 1552 419 1623 bellipotens,
434 1571 547 1620 sacrum,
559 1567 727 1610 constmctus
737 1573 833 1613 acervo

101 1644 207 1714 Ingenti
218 1660 295 1696 mons
306 1660 445 1696 armorum
457 1643 582 1714 surgebat
594 1646 628 1697 ad
640 1655 719 1698 astra.

101 1735 267 1804 Ipse,·manu
278 1730 376 1785 celsam
387 1731 483 1803 pinum
494 1733 654 1804 flammaque
666 1743 817 1787 comantem

102 1820 250 1885 Attollens,
264 1820 362 1873 ductor
371 1820 524 1875 Gradivum
536 1822 563 1875 in
575 1832 640 1876 vota
650 1822 753 1885 ciebat,

102 1908 235 1969 Primitiae
246 1926 346 1980 pugnae
357 1918 384 1962 et
396 1908 450 1962 laeti
462 1909 587 1963 libamina
597 1909 663 1962 belli

101 1996 234 2052 Hannibal
247 1996 371 2050 Ausonio
381 2008 481 2050 cremat
491 1997 550 2050 haec
561 1999 595 2052 de
608 1999 715 2052 nomine
727 1998 824 2064 victor,

101 2088 136 2140 Et
146 2087 207 2151 tibi,
221 2087 299 2139 Mars
310 2085 425 2156 genitor,
437 2096 564 2139 votorum
576 2086 648 2140 haud
659 2087 738 2140 surde
750 2102 883 2155 meorum,
902 2089 904 2092 ’

104 2177 190 2228 Arma
200 2175 286 2227 electa
298 2173 368 2227 dicat
380 2174 529 2245 spirantum
538 2176 618 2229 turba
630 2177 761 2230 virorum.

102 2266 186 2329 Tum,
202 2263 260 2317 face
269 2263 398 2329 conjecta,
410 2265 555 2335 populatur
566 2265 686 2318 fervidus
698 2264 766 2336 ignis
832 2284 838 2292 ·

103 2357 274 2428 Flagrantem
285 2355 395 2422 molem,
407 2366 445 2420 et,
458 2367 537 2426 rupta
547 2357 668 2428 caligine,
681 2357 708 2409 in
720 2374 798 2411 auras

104 2446 188 2498 Actus
200 2444 354 2515 apexeclaro
364 2444 503 2515 perfundit
515 2443 616 2498 lumine
628 2463 745 2515 campos.

104 2533 171 2587 Hinc
182 2533 253 2587 citus
264 2533 299 2585 ad
311 2532 447 2585 tumulum
458 2534 608 2604 donataque
620 2534 715 2589 funera
726 2533 823 2590 Paullo

103 2620 171 2684 Ibat,
184 2630 211 2672 et
223 2618 327 2673 hostilis
338 2619 384 2673 leti
393 2621 509 2686 jactabat
520 2621 660 2675 honorem.

105 2706 252 2774 Sublimem
263 2707 381 2760 eduxere
393 2725 496 2777 pyram,
509 2692 657 2780 mollesque
667 2708 766 2764 virenti

104 2794 234 2848 stramine
245 2812 419 2870 composuere
430 2805 512 2849 toros.
532 2796 702 2866 superaddita
711 2798 791 2864 dona,

105 2883 256 2936 Funereum
268 2884 364 2936 decus:
383 2884 500 2955 expertis
512 2885 613 2939 invisus
623 2896 651 2938 et
662 2887 740 2952 ensis,

107 2967 141 3024 Et
150 2970 252 3046 clipeus
264 2978 352 3028 terror
363 2972 530 3032 Nemeum:
548 2983 604 3047 atq5
616 2974 718 3050 insigne
729 2976 886 3050 superbum¹
