2010 3450
162 265 164 268 ’
277 303 281 312 ·
308 274 403 326 trssr
418 286 463 327 xr.
501 278 697 342 mss-3⁸42
871 290 904 338 μ

94 389 141 446 Nil
154 389 229 444 ultra
239 406 332 461 posco,
346 389 419 444 refer
428 390 456 443 in
466 391 593 445 convivia
602 408 740 463 gressums
758 391 761 398 '

97 481 332 550 Approperemus,
346 479 393 532 ait.
412 481 474 544 Non
481 481 539 546 jam
550 479 599 534 tibi
612 493 721 551 pectora
733 479 812 552 pubis

98 569 213 623 Sidoniae
226 569 353 622 fodienda
365 585 446 622 manu
457 571 572 624 tutantia
585 587 685 642 regem,
856 583 860 590 ·

98 661 157 712 lloc
165 658 266 730 jugulo
276 658 402 712 dextram
412 658 535 728 explora.
554 676 644 728 namq;
657 660 771 715 ltaectrlsi
785 660 899 727 fernim,

98 750 125 802 Si
138 749 255 803 Poenum
267 748 393 802 invasisse
407 764 492 819 paras,
504 764 554 818 per
565 748 668 801 viscera
680 748 784 802 serrum

98 837 198 890 Nostra
208 846 249 888 est
261 834 425 890 ducendum.
443 835 548 887 tardam
560 850 593 886 ne
606 849 699 904 sperne
710 845 853 888 senectam.

98 924 242 994 Opponam
253 922 385 986 membra,
400 930 482 991 atque
493 937 584 974 ensem
594 930 755 992 extorquere
767 934 896 995 negatum

99 1011 193 1065 Morte
204 1027 265 1068 mea
274 1009 397 1080 eripiam.
417 1008 548 1064 lacrimae
560 1018 625 1062 tunc
637 1026 684 1063 ore
696 1010 825 1081 profusae,
902 1017 905 1025 '

99 1099 134 1153 lit
148 1115 246 1171 magna
259 1096 394 1167 Superum
405 1115 470 1152 cura
481 1107 602 1151 servatus
613 1096 642 1151 in
654 1115 729 1153 anna

99 1189 232 1261 Scipiadae-
240 1188 355 1253 Poenus;
376 1202 425 1240 nec
436 1196 542 1240 tanturn
554 1185 609 1240 fata
619 1186 751 1242 dederunt

99 1275 220 1330 Externa
231 1274 323 1346 peragi
335 1275 441 1328 dextra.
461 1273 663 1329 Pulcherrimus
673 1276 730 1343 irae,

101 1362 135 1416 Et
147 1363 247 1434 dignus
259 1361 318 1415 fieri
328 1379 439 1432 compos
451 1362 632 1416 memorabilis
642 1382 708 1431 aux,

99 1453 199 1508 Amisit
211 1462 338 1522 quantam
350 1452 437 1520 posito
448 1451 588 1505 conamine
599 1451 716 1518 laudem,

101 1542 151 1596 Cui
164 1552 271 1596 tantum
283 1551 322 1593 est
334 1539 450 1593 voluisse
462 1540 560 1594 decus?
579 1541 655 1596 Tum
667 1543 779 1598 reddere
791 1560 846 1600 sese

101 1633 236 1687 Festinant
246 1630 345 1702 epulis,
357 1639 383 1683 et
395 1629 480 1683 tristia
491 1629 581 1684 fronte
593 1643 729 1686 serenantr

101 1721 193 1775 Donec
205 1720 267 1773 laeta
277 1717 370 1772 virllm
382 1717 461 1771 solvit
471 1717 597 1772 convivia
608 1735 727 1773 somnus.
800 1768 804 1777 .

101 1807 209 1863 Postera
219 1808 268 1861 lux
281 1806 455 1862 Phaethontis
466 1823 550 1876 equos
562 1806 684 1878 proferre
693 1809 815 1879 parabat,

100 1898 158 1966 Jam
170 1896 265 1976 rapido
274 1896 387 1950 susurriis
396 1911 479 1950 curru
491 1895 647 1966 splendente
659 1897 709 1950 sub
721 1899 816 1954 undis:
906 1918 908 1924 ·

102 1986 135 2039 Et
142 1985 263 2054 juvenis,
276 2001 375 2056 magno
386 1995 529 2056 generatus
540 1984 700 2050 Hamilcare,
711 1986 793 2040 duras

99 2075 265 2141 Jamdudum
276 2084 384 2127 exercet
395 2091 482 2128 curas.
499 2072 674 2143 Karthaginis
685 2089 759 2128 arces

101 2165 143 2219 lre
155 2164 234 2218 ferox
247 2165 344 2234 Mago,
357 2173 384 2216 et
396 2162 521 2217 Patribus
533 2173 641 2232 portare
648 2162 763 2229 jubetur

101 2253 201 2307 Nuntia
212 2251 283 2306 sacta
293 2249 380 2305 discis.
400 2251 495 2305 Praeda
508 2261 535 2305 et
547 2251 654 2322 captiva
664 2250 793 2323 leguntur

103 2339 232 2411 Corpora,
245 2338 418 2409 dereptaeque
428 2338 494 2392 viris
506 2339 556 2392 sub
568 2339 662 2392 Marte
673 2351 786 2394 cruento

102 2427 227 2494 Exuviae,
239 2426 322 2481 fausti
334 2427 443 2498 Superis
455 2428 582 2480 libamina
593 2427 669 2483 belli.

102 2516 197 2569 Altera
208 2531 336 2569 curantur
349 2515 455 2586 Libycis
466 2515 617 2570 demittitur
626 2516 681 2577 oris

102 2606 175 2660 lleul
196 2603 308 2669 Decius,
322 2604 414 2658 reduci
426 2603 512 2658 lentas
523 2616 644 2659 servatus
655 2605 690 2659 ad
700 2604 767 2674 iras,

102 2693 138 2748 Ni
149 2711 236 2765 poenae
245 2688 377 2760 juvenem
387 2692 506 2764 indigna
517 2694 658 2748 miseratus
669 2695 703 2747 ab
713 2694 770 2750 alto

102 2780 206 2852 Iupiter
215 2780 355 2852 antiquam
367 2780 437 2835 Batti
448 2781 573 2835 vertisset
583 2782 618 2836 ad
630 2782 735 2837 urbem.

104 2867 153 2923 llic
165 2868 256 2924 l’ellsa
267 2867 359 2922 virum
371 2868 509 2924 Ptolemaei
520 2880 625 2942 sceptra
635 2871 783 2932 uehentum

103 2953 232 3032 Eripuere
243 2956 336 3023 minis,
347 2955 518 3031 resolutaque
528 2948 639 3015 vincula
650 2959 733 3017 collo.
797 2962 800 2966 ’
