2010 3450
147 248 194 298 ηδ
345 252 440 295 tum
453 250 521 294 xlv·
557 252 751 308 mus-474.

147 365 226 435 Qos
234 358 298 431 fuga
305 359 453 430 praecipites
464 367 568 428 partem
579 357 741 430 glomerarat
752 356 780 412 in
790 373 874 415 unanr

146 449 258 519 Puppis,
271 446 358 500 adhuc
369 463 482 510 vacuam
493 446 585 500 taedae:
606 447 662 512 sed,
675 446 799 516 proxima
809 463 893 503 cursu
906 479 907 482 =

146 535 289 590 Fulmineo
300 533 453 608 populatus,
463 533 624 587 inevitabilis
634 535 715 588 ardor
925 542 927 547 ’

146 625 309 694 correptam
323 621 438 676 {lammis
449 621 565 675 involvit
576 622 720 676 ovantibus
731 621 836 677 alnum·

147 711 264 775 Primus,
278 726 330 778 ope
342 703 459 779 aequorei
471 708 543 762 funis
553 709 677 780 delapsus
689 709 716 763 in
730 710 825 776 undas,
890 699 901 758 Ῐ

148 805 211 875 Qa
223 799 343 852 nondum
355 798 459 868 Stygios
470 797 635 869 glomerabat
645 798 785 853 Mulciber
797 809 888 867 aestus,

147 889 299 943 Ambustus
311 885 413 940 socidm
424 886 504 939 remis
515 885 638 940 aufertur
651 886 779 941 Himilco.

147 976 275 1030 Proxima
287 972 427 1027 nudarunt
437 974 580 1027 miserandi
591 974 646 1028 fata
657 975 765 1029 Batonis

147 1066 288 1119 Desertam
299 1063 410 1116 ductore
423 1073 517 1116 ratem.
536 1063 625 1116 bonus
635 1063 680 1116 ille
695 1081 743 1134 per
752 1072 841 1117 artem

147 1153 242 1207 Crudo
249 1151 345 1205 luctari
356 1151 460 1222 pelago,
474 1160 553 1222 atque
563 1150 639 1204 exire
650 1151 791 1222 procellas.

32 1269 34 1271 >
144 1240 232 1304 Idem,
242 1240 307 1310 quid
321 1241 428 1305 Boreas,
443 1240 507 1309 quid
517 1240 601 1294 vellet
611 1242 743 1296 crastinus
754 1245 871 1309 Auster,

147 1327 293 1382 Anteihat:
313 1344 362 1381 nec
373 1318 531 1399 persiigilem
543 1337 574 1383 tu
586 1328 679 1383 fallere
690 1330 811 1396 vultum,

146 1418 270 1471 Obscuro
282 1418 405 1487 quamvis
415 1432 506 1482 cursu,
520 1417 671 1487 Cynosura,
684 1419 798 1472 valeres.

147 1507 185 1571 Is,
198 1516 341 1577 postquam
350 1505 469 1562 adversis
480 1505 571 1559 nullus
584 1507 689 1572 modus,
700 1507 805 1578 Accipe
816 1517 941 1574 nostrum,

146 1595 291 1658 Hammon,
305 1593 469 1665 sanguinem,
479 1595 525 1658 ait,
536 1603 669 1663 spectator
680 1594 764 1648 cladis
776 1595 888 1667 iniquae.

147 1683 250 1752 Atque,
263 1692 322 1735 acto
334 1682 361 1735 in
374 1690 467 1752 pectus
477 1682 576 1753 gladio,
590 1683 686 1736 dextra
696 1675 758 1736 inde
769 1679 894 1739 cruorem

147 1767 264 1838 Excipit,
278 1779 304 1820 et
316 1766 388 1839 large
401 1785 474 1822 sacra
486 1768 555 1821 inter
568 1786 671 1824 cornua
682 1769 782 1825 fundit.

146 1857 204 1911 llos
215 1856 285 1910 inter
298 1856 429 1928 Daphnis,
442 1857 587 1911 deductum
601 1859 635 1912 ab
647 1858 751 1930 origine
763 1854 869 1915 nomen

147 1944 278 2016 Antiqua,
291 1943 343 1997 fuit
355 1943 457 2008 infelix,
471 1945 515 1998 cui
527 1943 646 2015 linquere
660 1945 752 2012 saltus,

146 2031 183 2084 Et
194 2041 298 2085 mutare
309 2048 382 2085 casas
393 2031 475 2084 infido
486 2049 620 2086 marmore
631 2033 730 2087 visum.

95 2136 97 2140 ·
146 2124 188 2175 At
200 2123 322 2192 princeps
334 2121 439 2192 generis
452 2132 551 2193 quanto
562 2123 664 2190 majora
675 2123 781 2194 paravit

147 2211 224 2264 Intra
235 2219 368 2281 pastorem
380 2209 430 2263 sihi
442 2209 559 2262 nomina.
579 2210 706 2281 Daphnin
718 2210 846 2267 amdrunt

148 2297 273 2351 Sicelides
282 2298 382 2351 Musae.
403 2299 498 2351 dexter
508 2299 619 2353 donavit
628 2317 713 2354 avena

146 2384 266 2438 Phoebus
278 2385 403 2451 Castalia,
415 2398 441 2439 et
451 2386 540 2452 jussit,
554 2388 687 2459 projectus
698 2389 726 2441 in
735 2389 822 2444 herba
870 2410 875 2419 ·

148 2475 175 2527 Si
186 2475 293 2544 quando
305 2486 425 2540 caneret,
434 2475 510 2528 laetos
522 2493 570 2546 per
579 2487 655 2547 prata
666 2494 715 2547 per
726 2494 794 2531 arva

147 2562 194 2616 Ad
205 2562 332 2633 Daphnin
345 2579 488 2633 properare
500 2581 604 2634 greges,
617 2565 743 2635 rivosque
754 2565 844 2620 silere.

147 2650 198 2704 Ille
210 2650 266 2714 ubi,
279 2662 385 2722 septena
396 2652 549 2706 modulatus
561 2653 689 2706 arundine
701 2670 821 2720 carmen,

145 2737 287 2791 Mulcehat
300 2739 388 2804 silvas,
403 2758 456 2793 non
468 2757 586 2808 unquam
598 2751 719 2811 tempore
731 2743 828 2797 eodem

146 2826 221 2879 Siren
233 2839 349 2881 assuetos
360 2829 455 2882 effudit
467 2829 494 2881 in
508 2846 612 2896 aequore
623 2840 736 2883 cantus:

146 2914 256 2984 Scyllaei
263 2927 368 2971 tacuere
380 2933 472 2972 canes:
491 2917 562 2970 stetit
574 2928 632 2973 atra
645 2918 813 2990 Charybdis:
