2010 3450
271 217 275 224 Ι
296 243 388 297 mm
405 251 485 299 xvu,
522 258 551 296 v.
565 246 712 312 600430.
858 263 886 297 21
891 263 906 313 ς

100 368 243 437 Apparent
255 362 362 416 admota
371 362 457 416 oculis
469 362 581 435 vestigia
591 380 700 436 pugnae.
807 423 811 429 ,

99 453 216 527 Qalem
226 451 348 522 Gargani
359 465 493 522 eampum,
506 452 670 522 Trebiaeque
681 452 816 522 paludem,

98 543 134 595 Et
145 539 291 610 Tyrrhena
298 538 377 603 rada,
390 548 417 591 et
429 539 603 593 Phaethontis
614 541 718 594 viderat
729 554 836 595 amnem

99 633 193 700 Strage
204 626 295 681 virtlm
308 627 467 692 undantemt
480 627 540 681 talis
552 629 716 697 (miserabile
726 630 818 698 visui)

100 715 242 772 Prostratir
254 715 333 771 facies
345 715 466 786 aperitur
476 716 535 769 dira
545 718 678 788 maniplis.
741 752 745 757 ν

99 808 175 860 Tum
186 818 293 874 superas
304 806 377 872 Juno
388 805 463 857 sedes
474 803 583 858 turbata
595 806 695 859 revisit.

98 895 212 963 Jamque
224 891 436 962 propinquabant
449 890 547 957 hostes,
559 893 718 961 tumuloque
732 893 867 961 subibant,

100 981 171 1035 Cum
182 996 273 1033 secum
284 979 400 1032 Poenust
421 978 531 1034 Coelum
543 980 605 1034 licet
616 998 696 1036 omne
708 983 794 1038 soluta

99 1071 132 1122 In
142 1078 223 1139 caput
234 1069 286 1121 hot
295 1079 424 1139 compage
436 1078 504 1132 ruat,
516 1076 652 1140 terraeque
662 1072 810 1139 dehiscant,

102 1160 164 1213 Non
176 1157 233 1210 ullo
247 1157 355 1209 Cannas
364 1156 492 1222 abolebis,
505 1157 620 1228 Jupiter,
633 1174 702 1211 aevo.

103 1247 276 1313 Decederque
287 1245 364 1316 prius
376 1245 476 1315 regnis,
488 1262 571 1316 quam
582 1245 689 1299 nomina
700 1255 791 1316 gentes

101 1336 160 1388 Aut
172 1334 241 1388 sacta
249 1332 405 1387 Hannibalis
417 1332 519 1386 sileant.
540 1349 587 1386 nec
598 1334 694 1387 deinde
706 1334 828 1403 relinquo

103 1424 229 1478 Securam
238 1433 275 1488 te,
289 1422 387 1486 Roma,
401 1421 468 1474 mei:
484 1422 630 1492 patriaeque
641 1433 773 1493 superstes

102 1512 149 1565 Ad
160 1523 220 1582 spes
230 1522 368 1563 armorum
380 1509 471 1563 vivant
481 1510 540 1563 tibi.
561 1527 622 1563 narn
634 1511 714 1564 modo
727 1526 818 1583 pugna
921 1514 924 1522 ”

102 1598 246 1665 Praecellls,
259 1598 377 1652 resident
388 1597 491 1651 hostes:
506 1599 571 1652 mihi
583 1610 672 1668 satque
685 1616 827 1671 superque,

102 1688 139 1742 Ut
151 1705 194 1742 me
207 1688 350 1741 Dardaniae
363 1697 460 1750 naues
472 1696 551 1758 atque
564 1688 631 1741 Itala
643 1689 732 1754 tellus,

103 1777 179 1830 Dum
190 1776 290 1840 vivam,
302 1785 468 1846 exspectent,
482 1790 530 1829 nec
541 1792 634 1847 pacem
646 1787 752 1847 pectore
764 1775 866 1831 nbrint.

103 1862 145 1916 Sic
156 1863 269 1932 rapitur,
283 1861 375 1933 paucis
386 1861 540 1932 fugientum
551 1862 660 1929 mixtus,
674 1872 701 1916 et
712 1862 781 1917 altos

103 1950 170 2004 Inde
181 1949 248 2020 petit
260 1960 332 2002 retro
341 1958 446 2002 montes
457 1955 580 2020 'tutasque
591 1950 715 2004 latebras.

96 2039 156 2092 dlic
167 2037 226 2091 finis
237 2037 320 2090 bello.
340 2047 493 2090 reserantur
504 2037 626 2108 protinus
637 2054 711 2092 arces

104 2125 227 2179 Ausonio
236 2125 293 2192 jam
305 2135 398 2196 sponte
410 2124 480 2178 duci.
498 2125 562 2190 jura
573 2125 697 2194 improba
706 2125 820 2191 ademta,

105 2215 254 2283 Armaque,
267 2222 294 2266 et
305 2213 394 2267 incisae
407 2213 488 2283 leges,
501 2212 649 2282 opibusque
661 2213 782 2283 superbis

105 2301 153 2355 vis
165 2302 258 2367 nacta,
270 2311 298 2354 et
311 2303 398 2372 posuit
409 2310 521 2373 gestatas
532 2300 612 2354 belua
623 2311 721 2355 turres.

105 2389 226 2443 Excelsae
237 2398 297 2443 tum
310 2406 380 2443 saera
392 2401 461 2443 rates
472 2388 623 2460 spectacula
633 2389 723 2442 Poenis

106 2477 305 2531 Flammiferam
316 2493 440 2549 accepere
452 2476 547 2542 facem,
561 2477 699 2545 subitaque
709 2477 825 2546 procelle

105 2566 241 2618 Arserunt
256 2564 348 2630 maria,
360 2575 439 2634 atque
448 2563 556 2636 expavit
568 2563 670 2616 lumina
680 2565 794 2616 Nereus.

107 2652 232 2706 Mansuri
243 2668 351 2722 compos
365 2652 467 2706 decoris
479 2669 526 2723 per
538 2651 625 2706 secula
636 2661 734 2716 rector,

107 2739 230 2793 Devictae
242 2737 359 2791 reserens
371 2739 472 2808 primus
484 2738 642 2809 cognomina
652 2749 742 2804 terrae,

60 2870 61 2873 ,
108 2827 222 2879 Securus
233 2826 339 2895 sceptri,
352 2825 447 2896 repetit
458 2843 506 2895 per
517 2825 616 2880 caerula
626 2827 753 2891 Romam,

107 2911 143 2965 Et
153 2911 241 2984 patria
249 2911 385 2965 invehitur
396 2913 504 2967 sublimi
515 2923 583 2967 tecta
593 2913 740 2984 triumpho.

108 3000 182 3055 Ante
195 2999 313 3071 Syphax,
328 2998 427 3055 feretro
439 3001 565 3068 residens,
578 3000 683 3075 captiva
694 3000 831 3071 premebat
