2010 3450
133 280 183 329 140
356 275 448 317 uass
467 273 522 314 XV·
557 274 587 313 V·
600 274 713 326 25-54·

134 384 247 436 Ostrum
259 399 310 451 qua
321 380 399 434 fulvo
410 379 527 450 Tyrium
539 379 684 432 suffuderat
695 392 779 430 auro:

133 473 233 524 Fronte
245 471 325 523 decor
337 469 465 538 quaesitus
474 484 534 532 acu,
547 466 698 534 lascivaque
709 465 818 520 crebras
869 524 871 534 Ι

132 559 254 629 Ancipiti
265 570 341 611 motu
349 552 483 623 jaciebant
495 555 598 617 lumina
610 554 739 608 flammas.

133 648 256 701 Alterius
268 647 357 716 dispar
368 645 484 719 habitus,
498 643 573 696 frons
586 643 665 709 hirta,
679 660 728 697 nec
741 659 861 714 unquam

134 735 289 805 Composita
301 742 402 786 mutata
413 749 504 787 coma:
523 742 596 784 stans
606 732 708 798 vultus,
721 743 748 786 et
760 749 807 786 ore

132 825 294 891 incessuque
306 820 365 872 viro
377 820 495 891 propior,
510 818 617 887 laetique
629 819 750 890 pudoris,

133 911 212 963 Celsa
224 910 350 961 humeros
360 908 447 962 niveae
457 906 578 977 fulgebat
590 908 700 961 stamine
712 907 802 980 pallae.

132 998 253 1064 Occupat
264 996 324 1047 inde
336 994 419 1064 prior,
434 992 568 1064 promissis
579 992 636 1059 fisa,
648 994 796 1064 Voluptas:

133 1085 201 1155 Qus
215 1082 292 1134 furor
302 1081 355 1146 hic,
369 1098 424 1134 non
435 1080 515 1152 digne
527 1097 604 1151 puer,
616 1097 773 1136 consumere
779 1079 856 1135 bello

133 1174 240 1228 Florem
252 1171 317 1225 aevi?
332 1170 467 1223 Cannaene
479 1169 538 1235 tibi,
551 1171 711 1242 graviorque
722 1170 822 1242 palude

131 1261 269 1318 Maeonius
280 1258 372 1330 Stygia
382 1259 455 1313 lacus
465 1275 611 1326 excessere,
625 1260 787 1333 Padusque?
847 1288 849 1291 ·

133 1356 224 1425 Qem
235 1349 342 1401 tandem
351 1349 386 1401 ad
398 1347 479 1401 finem
490 1348 616 1403 bellando
630 1348 684 1402 fata
694 1349 826 1403 lacesses!

131 1442 213 1494 Tune
225 1438 305 1491 etiam
316 1446 419 1489 tentare
429 1452 507 1507 paras
520 1436 659 1491 Atlantica
670 1453 763 1507 regna,

131 1526 302 1595 Sidoniasque
312 1526 426 1579 domos?
446 1526 559 1590 Moneo,
571 1535 674 1579 certare
685 1523 793 1596 periclis

132 1617 240 1679 Desine,
253 1624 280 1667 et
292 1614 430 1668 armisonae
441 1623 523 1682 caput
534 1612 669 1679 objectare
681 1612 820 1683 procellae.

130 1705 169 1762 Ni
181 1705 251 1774 fugis
262 1704 312 1756 hos
323 1701 400 1767 ritus,
414 1703 510 1757 Virtus
522 1712 549 1754 te
562 1718 634 1754 saeva
642 1701 749 1766 jubebit
761 1740 763 1744 Α

130 1794 184 1848 Per
194 1791 294 1845 medias
304 1791 417 1844 volitare
429 1791 507 1857 acies,
520 1792 674 1860 mediosque
686 1808 735 1862 per
746 1793 831 1862 ignes.

130 1885 197 1936 Haec
209 1891 312 1951 patrem
325 1890 477 1948 patruumq3
491 1888 563 1943 tuos,
577 1879 636 1932 haec
648 1880 761 1951 prodiga
773 1881 909 1947 Paullum,

129 1973 197 2026 Haee
209 1968 307 2023 Decios
319 1967 422 2037 Stygias
434 1967 516 2021 Erebi
529 1968 643 2021 detrusit
652 1967 688 2021 ad
701 1970 803 2022 undas:
830 2012 832 2017 ,

132 2060 207 2114 Dum
218 2057 301 2112 cineri
313 2054 434 2120 titulum,
447 2056 672 2125 memorandaque
684 2058 794 2111 nomina
803 2058 892 2114 bustis

130 2143 285 2209 Praetendit,
298 2159 348 2197 nec
359 2159 485 2208 sensura,
499 2144 563 2212 quid
574 2145 695 2214 gesserit,
708 2145 825 2200 umbrae.
920 2144 922 2153 '

131 2235 173 2288 At
184 2233 206 2284 si
218 2247 260 2284 me
272 2229 409 2296 comitere,
422 2246 499 2300 puer,
513 2248 568 2285 non
581 2232 687 2286 tramite
698 2232 768 2287 duro

129 2323 190 2390 Jam
202 2318 250 2372 tibi
262 2318 387 2372 decurrat
398 2320 516 2373 concessi
527 2322 656 2392 temporis
670 2331 743 2374 aetas.

130 2407 211 2472 Haud
223 2424 343 2478 unquam
353 2407 472 2478 trepidos
482 2408 626 2481 abrumpet
638 2409 753 2463 buccina
764 2425 887 2467 somnos:

128 2500 192 2554 Non
203 2496 316 2567 glaciem
328 2500 469 2565 Arctoam,
482 2516 538 2552 non
546 2498 686 2570 experiere
698 2498 813 2554 furentis

129 2586 267 2640 Ardorem
276 2586 384 2651 Cancri,
398 2602 446 2640 nec
459 2603 562 2640 mensas
574 2603 643 2657 saepe
653 2600 768 2642 cruento

129 2674 261 2728 Gramine
271 2675 445 2746 compositas:
464 2675 579 2729 aberunt
590 2675 645 2728 sitis
656 2693 760 2746 aspera,
773 2688 801 2732 et
813 2677 924 2739 haustus

129 2762 186 2815 Sub
197 2761 272 2832 galea
284 2763 384 2833 pulvis,
397 2763 521 2836 partique
532 2763 629 2817 timore
641 2764 762 2820 labores:

129 2848 181 2901 Sed
193 2860 302 2914 current
313 2850 442 2919 albusque
454 2850 519 2915 dies,
530 2850 657 2920 horaeque
669 2867 787 2921 serenae3
844 2885 847 2890 ·

128 2935 165 2999 Et
177 2935 252 2991 molli
263 2937 372 3006 dabitur
381 2938 457 2995 victu
470 2954 577 3012 sperare
589 2949 730 2998 senectam.
790 2981 792 2985 -
