2010 3450
301 313 393 356 ursan
412 313 481 354 xm.
517 314 546 353 v.
561 302 708 367 235-264.
870 306 904 370 tp

96 418 203 475 Effudit
214 416 341 472 lacrimas
350 418 451 490 pariter
461 434 628 488 cornumque
640 429 779 472 sonantem

98 507 198 576 Scipio,
211 505 333 560 solamen
343 522 491 577 properans
502 506 619 577 optabile
631 507 658 559 in
671 508 752 560 armis

97 599 213 652 Hostem
224 604 363 668 prostrato
374 596 534 650 morientem
544 599 684 653 ostendere
694 600 791 652 amico.

97 684 245 748 Traoavit,
258 683 374 754 liquidas
386 682 504 737 volucris
516 699 566 737 ceu
579 684 708 738 scinderet
720 703 810 752 auras,

98 777 183 830 nuta
193 773 247 829 viri
259 784 363 845 pectus,
377 773 501 843 mpitque
512 773 639 828 immania
649 777 780 830 membra.

99 867 210 938 anta
220 873 261 916 est
271 861 313 916 vis
325 861 388 932 agili
400 878 448 933 per
458 862 558 915 caerula
571 879 674 916 summa
686 863 811 930 liburnae,

99 955 181 1028 Qae,
194 950 298 1021 pariter
308 948 414 1021 quoties
425 959 556 1003 revocatae
567 949 602 1002 ad
614 960 723 1020 pectora
733 962 817 1007 tousae

98 1039 260 1094 Percussere
272 1038 383 1103 fretum,
395 1038 483 1091 ventis
494 1037 564 1109 fugit
575 1037 659 1103 ocior,
671 1049 699 1093 et
711 1057 749 1107 se,

99 1132 191 1203 Qaru
201 1127 285 1199 longa
294 1136 345 1192 est,
357 1143 412 1180 uuo
424 1142 560 1179 remomm
571 1126 689 1195 praeterit
698 1127 763 1181 ictu.

98 1217 251 1272 Ascanium
261 1214 386 1280 Volesus,
398 1213 524 1285 projectis
535 1212 609 1268 ocius
619 1214 710 1280 armis,

100 1309 166 1380 Qu
176 1303 266 1358 levior
275 1312 378 1374 peteret
391 1318 493 1367 muros,
504 1313 656 1373 peraperta
667 1302 803 1360 volantem

99 1393 265 1462 Assequitur
275 1391 377 1464 planta.
397 1392 542 1457 Deiectum
553 1391 675 1461 protinus
686 1408 748 1456 ense

99 1483 176 1536 Ante
187 1481 269 1554 pedes
280 1469 382 1535 domini
390 1480 474 1547 jacuit
484 1490 580 1550 caput:
600 1478 657 1550 ipse
670 1490 778 1533 secutus

100 1566 213 1622 Corruit
225 1565 340 1620 ulterior
351 1582 495 1636 procursus
505 1565 603 1637 impete
613 1575 735 1619 truncus.

99 1658 157 1711 Nec
169 1671 229 1727 spes
241 1654 354 1708 obsessis
366 1654 440 1708 ultra
451 1665 566 1708 reserata
578 1653 648 1707 tueri

90 1734 218 1797 'Moenia
235 1751 399 1796 convertunt
407 1758 522 1814 gressuq
535 1741 669 1813 recipique
679 1750 817 1812 precantes

84 1830 261 1885 -lnfanduml
281 1830 431 1885 excludunt
442 1829 535 1885 socios.
555 1840 615 1885 tum
625 1829 732 1884 cardine
744 1846 824 1884 verso

100 1918 205 1972 Obnixi
217 1927 346 1990 torquent
357 1917 457 1985 obices,
469 1917 619 1972 munimina
630 1933 697 1970 sera.

100 2007 203 2062 Acrius
215 2007 267 2077 hoc
278 2006 378 2060 instant
390 2006 463 2072 Itali,
476 2005 633 2075 clausosque
645 2004 768 2076 fatigant.

99 2095 148 2160 Et,
159 2093 189 2147 nl
201 2111 273 2148 caeca
284 2093 344 2148 sinu
356 2103 441 2146 terras
452 2111 506 2147 nox
518 2094 645 2148 conderet
656 2102 727 2158 atro,

99 2181 248 2236 Perfractae
259 2182 353 2253 rapido
365 2183 510 2254 patuissent
521 2181 606 2236 milite
619 2191 714 2252 portae,

101 2271 154 2324 Sed
166 2287 221 2324 uon
231 2269 260 2323 iu
273 2269 392 2338 requiem
403 2269 504 2338 pariter
514 2285 616 2324 cessere
628 2268 756 2323 tenebrae.

101 2359 174 2413 llinc
186 2375 270 2428 sopor
281 2356 443 2428 impavidus,
456 2357 562 2427 qualem
573 2357 686 2413 victoria
695 2357 795 2412 movit:

102 2448 143 2499 At
156 2445 262 2516 Capua,
276 2454 323 2498 aut
334 2445 436 2499 moestis
448 2445 600 2500 ululantum
614 2443 702 2500 flebile
713 2456 830 2500 matrum

101 2533 260 2607 Qeuibun
273 2541 321 2584 aut
331 2532 432 2603 gemitu
444 2516 626 2605 trepidantunr
638 2533 766 2588 exterrita
776 2543 894 2607 patrum,

100 2621 261 2676 Tormentis
271 2619 354 2674 finem
364 2631 515 2692 metamque
527 2623 664 2677 laboribus
675 2633 745 2676 orat.

100 2710 209 2765 Mussat
220 2708 340 2780 perfidiae
351 2710 501 2780 ductorque
513 2723 645 2783 caputque
658 2713 770 2766 Senatus

101 2799 218 2863 Virrius,
231 2815 249 2850 a
259 2797 342 2852 Poeno
352 2798 455 2853 nullam
464 2798 544 2854 docet
554 2815 610 2853 esse
622 2799 744 2865 salutern,

101 2884 270 2949 vociferans,
282 2883 367 2954 pulsis
377 2885 485 2938 vivendi
497 2901 513 2937 e
524 2896 631 2954 pectore
641 2885 730 2939 curis:

102 2965 213 3044 speravi
225 2979 331 3042 sceptra
341 2973 483 3049 Ausoniae,
496 2972 648 3046 pepigique,
661 2973 711 3030 sub
722 2975 803 3030 armis
