2010 3450
304 296 396 340 sisu
413 297 480 339 xvt.
515 297 544 334 v.
559 288 704 350 sss-3⁸⁴·
859 287 904 336 18¹

101 400 236 474 Cinyphio
247 411 336 456 rector
347 418 426 455 cocco
439 400 557 455 radiabat
571 401 675 454 Iberus.

99 491 212 545 Tertius
225 500 329 561 aequata
336 489 461 543 currebat
474 489 562 542 fronte
575 489 670 541 Peloro

100 579 245 632 Caucasus.
266 579 327 649 lpse
339 593 425 648 asper,
439 594 487 630 nec
498 577 545 647 qui
558 576 669 630 cervicis
679 586 779 629 amaret

100 666 248 738 Applausae
259 665 372 719 blandos
384 666 496 730 sonitus,
508 664 679 734 clausumque
690 674 804 718 cruento

100 756 231 826 Spumeus
243 755 369 807 admorsu
380 754 508 825 gauderet
520 752 645 806 mandere
656 752 769 806 ferrum.

99 843 149 906 At,
161 839 256 894 docilis
268 839 337 893 freni
348 849 375 893 et
386 840 482 893 melior
494 856 596 908 parere,
612 838 721 894 Pelorus

98 931 158 984 Non
171 945 291 997 unquam
301 929 417 982 effusum
428 928 550 981 sinuabat
564 927 657 980 devius
668 944 762 981 axem:

99 1017 149 1070 Sed
160 1017 233 1071 laevo
243 1016 355 1071 interior
366 1015 513 1088 stringebat
522 1016 628 1069 tramite
639 1026 747 1070 metam.

98 1105 214 1178 Insignis
224 1105 310 1159 msslta
321 1104 434 1169 cervice,
447 1113 475 1156 et
484 1103 617 1174 plurimus
628 1103 700 1157 idern

99 1193 229 1247 Ludentis
238 1210 288 1263 per
298 1192 367 1246 colla
375 1192 466 1258 jubae:
484 1192 618 1263 (mirabile
630 1192 702 1246 dictu
711 1194 735 1260 l)

99 1281 197 1339 Nullus
208 1293 266 1334 erat
277 1291 362 1352 pater.
381 1281 415 1334 ad
427 1281 546 1351 Zephyri
558 1297 628 1335 nova
642 1280 748 1334 flamina
759 1280 859 1352 campis

99 1370 248 1426 Vettonum
258 1371 386 1423 eductum
398 1368 519 1440 genetrix
531 1370 662 1425 effuderat
674 1372 775 1439 Harpe.

100 1457 205 1512 Nobilis
215 1458 287 1511 hunc
299 1457 403 1510 Durius
415 1455 568 1523 stimulabat
580 1456 607 1510 in
619 1472 725 1526 aequore
735 1472 861 1509 currum:

100 1545 236 1599 Caucasus
246 1544 357 1615 antiquo
368 1542 467 1598 fidebat
479 1543 591 1597 Atlante
603 1544 740 1615 magistro.

100 1633 194 1704 lpsum
205 1632 309 1697 AEtola,
322 1648 392 1703 vago
404 1632 530 1685 Diomedi
538 1633 654 1698 condita,
666 1635 745 1703 Tyde

100 1720 228 1775 Miserat:
249 1731 392 1792 exceptum
404 1722 524 1788 Trojana
535 1722 569 1775 ab
580 1722 681 1793 origine
693 1739 824 1790 equorum

99 1808 266 1873 Tradebant,
279 1826 347 1879 quos
359 1811 455 1863 AEneae
469 1809 608 1879 Simoentis
619 1811 653 1863 ad
665 1811 749 1866 undas

86 1886 194 1951 'Victor
204 1897 326 1966 Tydides
340 1898 441 1968 magnis
453 1897 602 1953 abduxerat
613 1898 692 1952 ausis.

99 1987 224 2056 Jamque,
236 1984 292 2037 fere
303 1986 421 2041 medium
429 1985 514 2041 evecti
525 1983 668 2042 certamine
678 2002 813 2057 campum,

100 2075 133 2127 ln
144 2071 229 2143 spatio
239 2072 386 2130 addebant:
408 2073 534 2142 nisusque
545 2074 708 2143 apprendere
719 2076 820 2144 primos

101 2159 247 2215 Panchates
256 2159 390 2213 animosus
401 2175 492 2228 equos,
507 2174 588 2229 super
597 2159 675 2212 altior
686 2160 735 2226 ire,

100 2247 135 2302 Et
145 2248 342 2320 praecedentem
350 2249 515 2318 jamjamque
526 2247 667 2301 ascendere
677 2265 788 2302 currum

101 2336 174 2391 Pone
184 2337 337 2401 videbatur,
349 2335 519 2404 curvatisque
532 2335 632 2406 ungula
643 2335 729 2405 prima

101 2425 250 2481 Callaicum
261 2426 383 2496 quatiens
394 2426 518 2496 pulsabat
528 2426 644 2480 calcibus
655 2443 744 2481 axem.

101 2516 140 2570 At
152 2527 306 2587 postremus
318 2515 410 2569 Atlas:
432 2517 479 2569 sed
490 2533 544 2569 non
553 2527 580 2568 et
593 2515 698 2587 segnior
707 2515 763 2569 ibat

102 2604 240 2662 Postremo
253 2604 355 2658 Durio:
375 2605 447 2674 pacis
457 2606 491 2659 de
502 2622 577 2659 more
589 2617 696 2677 putares

101 2693 222 2764 AEquata
232 2692 322 2746 fronte
333 2703 359 2747 et
370 2693 496 2748 concordi
507 2710 615 2747 currere
627 2692 714 2746 freno.

101 2780 185 2834 Sensit
197 2790 228 2834 ut
239 2780 391 2844 exhaustas,
404 2782 451 2853 qui
464 2781 603 2851 proximus
613 2781 678 2846 ibat,
690 2781 786 2837 lberus

102 2867 230 2923 Callaicas
242 2868 327 2938 Cyrni
338 2870 418 2935 vires,
431 2886 488 2934 nec,
503 2880 531 2923 ut
543 2880 613 2935 ante¹
626 2869 703 2923 salire

83 3027 87 3034 ι
103 2955 399 3032 Praecipitemcurmm,
411 2967 439 3016 et
450 2957 584 3015 fumantes
594 2957 705 3017 verbere
716 2957 777 3035 cogi
862 2992 865 2998 -
