2010 3450
317 294 408 339 usu
427 290 494 336 xvt.
518 292 559 335 ·ν.
573 288 688 351 55-843
856 298 904 349 ηπ

99 405 150 470 At,
163 418 226 458 cum
238 417 308 472 pone
320 401 398 455 ferox
408 399 495 455 aversi
508 399 535 453 in
546 409 621 473 terga
633 401 738 456 reniret

97 485 204 556 Victor,
217 489 254 543 nil
268 488 405 560 trepidans
417 500 489 552 retro
498 489 599 555 jactare
610 489 756 560 bipennem

99 579 232 646 Caiiebat,
246 579 321 632 nulia
332 577 397 631 belii
411 593 465 631 non
477 587 554 648 parte
566 579 711 633 timendus.

98 667 170 724 Huic
181 667 258 721 discis
268 665 361 721 invicti
373 682 517 737 germanus
527 666 637 721 turbine
647 677 726 721 vasto

99 752 188 823 Scipio
198 764 380 823 contorquens
391 753 505 817 hastam,
516 752 621 807 cudone
632 762 768 808 comantes

99 839 211 907 Disjecit
221 839 318 893 crines.
338 855 451 908 namque
463 839 543 894 altius
555 849 614 894 scta
623 840 743 894 cucurrit

99 928 207 1000 Cuspis,
220 937 248 982 et
257 928 328 982 elata
340 927 433 999 procui
444 938 485 982 est
496 928 580 996 ejecta
591 929 686 983 securi.

98 1018 140 1071 At
146 1016 266 1084 juvenis,
278 1015 323 1070 cui
335 1014 421 1069 telum
432 1014 527 1087 ingens
537 1026 682 1070 accesserat
692 1015 743 1082 ira,

99 1104 271 1159 barbaricam
281 1104 400 1159 assiliens
411 1119 510 1176 magno
522 1103 638 1158 clamore
649 1104 794 1174 bipennem

97 1193 216 1261 Incutit„
229 1192 391 1248 intremuere
402 1193 480 1257 acies,
494 1191 636 1261 sonuitque
647 1208 697 1264 per
706 1209 785 1248 auras

96 1279 222 1335 Pondere
231 1280 361 1353 belligero
373 1280 471 1351 pulsati
484 1278 609 1350 tegminis
619 1279 713 1334 umbo.

97 1369 180 1425 Haud
191 1369 302 1441 impune
314 1368 433 1440 quidem.
453 1382 573 1421 remeans
586 1384 649 1421 nam
659 1369 770 1421 dextera
778 1367 812 1422 ab
824 1368 878 1424 ictu

98 1457 196 1512 Decisa
206 1467 247 1511 est
257 1455 359 1528 gladio,
371 1473 401 1511 ac
412 1454 510 1510 dilecto
521 1455 666 1510 immortua
676 1455 743 1509 teio.

100 1546 156 1620 Qi
167 1555 312 1617 postquam
322 1561 416 1598 murus
427 1543 530 1598 miseris
542 1543 606 1608 ruit,
618 1544 726 1615 agmina
736 1558 848 1598 concors

99 1634 211 1689 Avertit
222 1632 288 1706 fuga
296 1633 439 1689 confestim
448 1634 566 1704 dispersa
575 1650 625 1706 per
635 1650 724 1705 agros.

98 1727 155 1779 Nec
165 1741 266 1796 pugnae
278 1723 387 1794 specics,
399 1723 447 1777 sed
459 1739 546 1793 poenae
558 1722 641 1777 tristis
652 1722 741 1794 imago

97 1811 150 1866 Illa
159 1821 228 1878 erat,
240 1810 304 1866 hinc
315 1820 421 1864 tannim
431 1812 593 1874 caedentum,
603 1821 682 1880 atque
693 1810 756 1864 inde
767 1819 903 1866 ruentum.

98 1899 151 1954 Per
162 1900 265 1954 medios
276 1901 403 1964 Hannon,
418 1897 519 1970 palmas
530 1908 591 1970 post
602 1909 678 1970 terga
689 1899 836 1966 revinctus,

98 1989 169 2045 Ecce
180 1987 348 2054 trahebatur,
360 1987 502 2055 lucemque
515 1986 582 2056 (heu
591 1986 681 2041 dulcia
689 1986 753 2042 coeli

99 2077 243 2146 Luminal)
256 2075 380 2148 captivus
392 2075 480 2131 lucem
490 2075 562 2128 inter
572 2073 662 2129 vincla
672 2075 789 2143 petebat.

99 2164 152 2219 coi
165 2175 253 2220 rector
265 2164 374 2218 Latiuse
395 2164 496 2228 Tanta,
508 2178 553 2227 en,
566 2160 611 2229 qui
621 2176 702 2231 regna
713 2172 853 2232 reposcant

99 2252 170 2325 Qis
178 2253 256 2307 cedat
265 2261 329 2322 toga
338 2261 366 2305 et
376 2248 495 2304 armiferi
506 2265 571 2321 gens
582 2264 655 2302 sacra
666 2248 789 2326 Qirinii

99 2340 247 2396 Servitiosi
259 2350 316 2394 tam
327 2339 428 2404 faciles,
441 2354 491 2397 cur
498 2337 570 2392 bella
579 2335 683 2391 refertis
693 2344 703 2389 t

98 2429 163 2484 Haec
174 2428 246 2482 inter
255 2426 373 2482 celerare
383 2427 508 2498 gradum,
521 2426 666 2497 conjungat
678 2435 709 2478 ut
720 2442 804 2491 arma,

98 2515 295 2570 Hasdrubalem
306 2513 431 2586 ignarum
442 2513 525 2569 cladis
537 2512 705 2586 praenuntius
713 2514 792 2570 affert

94 2604 264 2675 ,Explorator
274 2618 366 2675 eques.
386 2611 474 2675 raptat
483 2603 541 2656 dux
554 2601 636 2655 obvia
644 2600 728 2672 signa.

98 2693 147 2758 At,
161 2702 304 2763 postquam
315 2699 435 2760 optatam
446 2690 525 2743 laetua
534 2687 691 2759 contingere
701 2704 819 2760 pugnam

98 2777 182 2844 Vidit,
193 2790 221 2832 et
233 2777 268 2831 ad
279 2777 364 2831 letum
375 2793 472 2849 magno
482 2771 618 2830 'venientia
628 2791 711 2829 cursu

98 2869 226 2943 Agmina,
239 2867 386 2939 suspiciens
397 2867 510 2936 corium,
522 2866 598 2922 Nihil
609 2865 733 2939 amplius,
746 2865 840 2939 inquit,

99 2955 152 3012 Vos
163 2956 245 3013 hodie
257 2971 349 3035 posco,
362 2957 468 3030 Superi.
487 2955 633 3033 protraxtis
642 2954 676 3010 ad
686 2971 761 3010 arma
878 2999 883 3009 ,
