2010 3450
78 280 113 328 40,
292 276 382 318 erare
402 275 446 316 xr.
471 274 673 332 :um—3542

78 383 115 436 Et
124 383 213 436 tremit
224 381 337 452 inceptis
344 382 417 435 lasso
430 380 575 448 majoribus
588 398 658 446 aevo,

79 474 119 524 At
132 481 160 524 tu
174 470 272 525 securis
282 470 398 524 concede
409 470 560 541 penatibus,
570 479 598 523 et
610 485 654 523 me

78 559 181 627 Linque
193 576 260 611 meae
271 557 368 611 menti:
387 575 524 611 summum
536 557 608 627 quod
619 557 717 625 credis,
729 569 756 613 et
770 573 861 630 aequas
880 590 882 602 ι

78 647 258 700 Hannibalem
271 645 387 716 Superis,
400 663 417 699 o
428 656 561 716 quantum
572 647 679 700 nomine
691 649 778 715 major

77 737 139 803 Jam
152 736 236 789 Poeno
249 735 298 788 tibi
309 745 387 788 natus
397 735 463 788 eritl
485 735 618 790 Vibrabat
629 737 720 790 abore

77 823 152 894 Ignis
164 833 252 889 atrox,
266 824 423 893 animusque
435 822 486 876 viri
495 823 553 890 jam
565 823 636 879 bella
646 826 767 897 gerebat,

80 913 151 964 Cum
164 911 260 975 senior,
274 912 339 965 tanti
352 913 458 981 pondus
470 912 615 966 conaminis
628 931 700 984 aegra

77 1002 243 1071 Jamdudum
253 1001 301 1054 vix
311 1016 375 1055 aure
388 999 485 1065 ferens,
498 1002 692 1055 tremebundus
704 1001 807 1058 ibidem

79 1090 222 1157 Sternitur,
235 1100 262 1142 et
273 1088 385 1159 pedibus
396 1089 492 1142 crebro
504 1088 601 1160 pavida
612 1091 704 1146 oscula
712 1091 808 1164 figens,

80 1178 132 1231 Per
144 1178 164 1230 si
177 1177 243 1249 quid
255 1187 375 1248 superest
387 1178 461 1241 vuae,
476 1195 524 1247 per
532 1178 596 1245 jura
607 1181 734 1250 parentis,

81 1265 185 1333 Perque
198 1273 272 1317 tuam
285 1273 377 1317 nostra
388 1265 530 1334 potiorem,
543 1275 613 1330 nate,
626 1265 749 1334 salutem,

82 1351 192 1406 Absiste
204 1351 325 1420 inceptis,
339 1368 402 1404 oro:
424 1367 458 1404 ne
470 1351 597 1422 sanguine
608 1368 717 1407 cernam

82 1441 189 1494 Polluta
200 1440 323 1510 hospitia,
337 1457 367 1494 ac
380 1440 443 1493 tabo
455 1439 558 1511 repleta
568 1452 681 1495 cruento

80 1529 189 1596 Pocula,
203 1539 230 1583 et
240 1546 345 1583 eversas
357 1547 456 1600 pugnae
466 1530 612 1583 certamine
624 1545 738 1584 mensas.

80 1620 162 1673 Tune
175 1617 262 1683 illum,
275 1636 356 1690 quem
369 1636 422 1672 non
435 1618 513 1682 acies,
526 1634 581 1671 non
594 1617 692 1671 moenia
703 1627 730 1671 et
743 1617 826 1672 urbes

81 1707 162 1759 Ferre
175 1705 274 1771 valent,
288 1723 350 1766 cum
363 1705 438 1759 frons
450 1705 560 1775 propior
571 1705 716 1774 lumenque
728 1722 842 1761 corusco
878 1709 886 1721 ”

82 1797 150 1866 Igne
163 1794 251 1860 micat,
266 1804 329 1848 tune
340 1794 386 1847 illa
398 1794 461 1858 viri,
472 1813 533 1865 quae
544 1795 645 1849 vertice
658 1793 759 1862 fundit,

82 1882 206 1938 Fulmina
218 1884 376 1955 pertuleris;
394 1884 415 1937 si
427 1884 487 1937 viso
498 1884 632 1938 intorserit
644 1902 707 1939 ense

82 1972 186 2037 Diram,
200 1991 253 2042 qua
264 1973 346 2026 vertit
360 1989 408 2042 per
419 1989 529 2043 campos
539 1972 654 2044 agmina,
667 1979 777 2027 vocem?
872 2023 876 2027 .

80 2059 159 2114 Fallit
172 2072 208 2126 te,
219 2078 321 2116 mensas
332 2062 402 2114 inter
413 2062 489 2131 quod
500 2060 586 2117 credis
598 2059 738 2116 inermem.

80 2150 138 2202 Tot
149 2150 227 2203 bellis
240 2150 349 2218 quaesita
361 2149 431 2215 viro,
448 2159 489 2202 tot
501 2149 619 2203 caedibus
630 2161 718 2205 armat

82 2237 214 2305 Majestas
225 2249 325 2292 reterna
336 2239 442 2292 ducem.
464 2238 490 2290 Si
506 2238 657 2292 admoveris
669 2257 727 2306 ora,

82 2322 198 2389 Cannas,
213 2335 240 2377 et
249 2325 379 2379 Trebiam
391 2325 562 2393 anteoculos,
575 2329 769 2398 Trasymenaq,
783 2330 920 2396 busta,

80 2412 117 2464 Et
129 2412 215 2465 Paulli
227 2423 296 2467 stare
309 2413 444 2485 ingentem
457 2414 595 2470 miraberis
606 2417 742 2471 umbram.

81 2499 174 2575 Qidl
189 2509 264 2554 tanto
276 2500 304 2553 in
316 2516 380 2554 casu
391 2502 522 2555 comitum
530 2503 664 2575 juxtaque
673 2505 812 2571 jacentum

81 2588 245 2656 Torpebunt
257 2590 377 2646 dertraer
397 2592 489 2657 Parce,
502 2608 561 2657 oro,
574 2602 602 2646 et
613 2592 703 2647 desine
715 2593 795 2660 velle,

82 2675 135 2729 Cui
148 2692 262 2744 nequeas
274 2677 360 2731 victor
374 2696 521 2749 superesse.
542 2683 590 2733 An
603 2680 688 2734 tristia
698 2681 790 2736 vincla
880 2702 882 2707 ’

83 2766 119 2818 Et
132 2765 230 2820 Decius
242 2783 296 2820 non
306 2767 434 2828 erudiunt
444 2785 606 2840 componere
616 2777 750 2824 mentem?

83 2853 163 2906 Talia
173 2869 393 2921 commemorans,
406 2856 484 2910 famae
496 2856 604 2924 majoris
615 2874 706 2911 amore

83 2940 253 3015 Flagrantem
266 2952 296 2996 ut
309 2943 374 2996 vidit
383 2944 513 3010 juvenem
523 2946 688 3016 surdumque
701 2945 807 3016 timori;
878 2984 880 2989 ,
