2010 3450
97 279 130 343 t't
224 287 226 293 '
294 274 384 339 nrnrn
402 296 472 338 xtu.
508 300 537 337 v.
552 300 698 354 ²05-2342

99 404 191 473 Atque
202 417 256 456 uno
267 403 373 457 diversa
383 403 463 457 dabat
474 401 526 455 tria
536 403 647 458 vulnere
660 403 731 457 nisu.

98 491 155 544 Hos
167 489 214 544 ubi
226 506 279 543 nou
292 491 375 560 aequis
385 490 519 544 variantes
530 491 626 562 proelia
639 491 743 545 Consul

98 576 246 648 Conspexit
256 578 325 642 telis,
338 588 365 631 et
376 589 461 649 portae
472 578 564 633 limina
575 579 677 634 circum
696 600 698 607 ·

50 668 56 679 '
99 670 228 740 stragem,
239 684 270 721 ac
281 667 403 738 perfusus
415 668 577 722 subeuntum
590 669 716 740 sanguine
727 677 827 740 postes,

99 756 223 810 Concitat
232 754 360 809 intortam
369 755 473 809 furiatis
483 755 586 810 viribus
597 755 710 809 hastam.

98 845 195 898 letum
206 845 280 898 triste
292 843 379 897 ferens
391 860 468 898 auras
479 853 549 898 secat
560 843 630 897 Itala
640 853 729 908 taxus,
809 869 811 873 Α

97 933 144 998 Et,
158 950 211 1003 qua
221 932 346 998 nudarat,
358 932 424 986 dum
435 931 523 985 fundit
535 931 636 1004 spicula
645 932 680 984 ab
690 932 757 997 alto,

98 1023 203 1075 Arcum
214 1021 383 1090 protendens,
397 1019 525 1074 Numitor
536 1019 616 1085 latus,
626 1019 671 1073 ilia
682 1019 788 1073 transit.

97 1111 148 1173 At,
161 1126 214 1162 non
226 1109 337 1177 obsepto
349 1115 490 1161 contentus
502 1106 593 1159 limine
605 1107 726 1159 Martem

98 1196 232 1248 Exercere
241 1195 307 1248 levis
319 1195 400 1260 bello,·
413 1196 459 1249 sed
468 1194 593 1248 turbidus
604 1195 671 1258 ausi,

98 1283 203 1336 Virrius
216 1283 321 1337 incauto
334 1283 439 1336 fervore
451 1293 575 1353 eruperat
585 1300 678 1336 amens

99 1366 213 1425 Reclusa
225 1370 252 1424 iu
262 1388 388 1442 campum
399 1382 487 1443 porta,
500 1373 678 1442 miseramque
690 1371 777 1425 furori

99 1456 261 1512 Vincentum
272 1459 406 1513 obtulerat
418 1459 527 1529 pubem.
547 1459 613 1513 Ruit
625 1459 705 1512 obvia
715 1459 744 1513 in
754 1476 831 1513 arma

101 1548 197 1620 Scipio,
211 1559 237 1602 et
248 1549 369 1604 oblatum
382 1550 457 1603 metit
468 1548 623 1602 insatiabilis
632 1565 741 1618 agmen.

101 1637 193 1694 Tifata
204 1636 351 1691 umbrifero
362 1647 519 1710 generatum
531 1647 622 1690 monte
635 1636 767 1690 Calenum

101 1724 267 1789 Nutrierant‚
281 1726 378 1779 audere
390 1736 503 1779 trucem.
523 1742 571 1778 nec
583 1741 696 1796 corpore
707 1741 807 1797 magno

79 1876 84 1886 ,
101 1814 183 1867 Mens
194 1824 251 1869 erat
263 1813 381 1868 inferior.
402 1813 543 1868 Subsidere
556 1831 624 1885 saepe
636 1814 753 1880 leonem,

98 1901 196 1954 Nudus
206 1900 271 1954 inire
282 1912 362 1972 caput
375 1919 488 1972 pugnas,
500 1912 602 1955 certare
611 1902 740 1977 juvenco,

101 1991 194 2059 Atque
206 1989 316 2060 obliqua
327 1990 410 2043 trucis
422 1989 553 2042 deducere
565 2006 666 2042 cornua
677 1989 749 2042 tauri

101 2076 241 2142 Assudrat,
253 2077 390 2147 crudoque
401 2078 490 2148 aliqua
503 2095 529 2130 se
541 2076 663 2131 attollere
676 2076 758 2130 facto.

99 2168 137 2231 Is,
150 2166 216 2219 dum
228 2164 375 2236 praecipites
387 2164 498 2236 expellit
507 2165 612 2219 Virrius
625 2165 702 2230 urbe,

102 2256 153 2307 Seu
165 2263 264 2324 spreto,
278 2270 324 2308 seu
337 2271 369 2306 ne
380 2253 455 2307 fieret
466 2271 551 2318 mora,
564 2253 651 2308 nudus
661 2254 687 2306 in
700 2270 794 2323 aequor

101 2342 224 2396 Thorace
235 2342 346 2407 exierat,
360 2341 497 2410 leviorque
510 2344 648 2412 premebat
659 2342 769 2396 anhelus

102 2431 222 2484 Pondere
234 2430 333 2495 loricae,
346 2441 373 2485 et
385 2431 504 2501 palantes
515 2431 603 2484 victor
614 2431 719 2502 agebat.

100 2521 214 2589 Jamque
225 2518 395 2572 Veliternum
405 2519 491 2571 media
503 2527 666 2588 transegerat
676 2517 750 2582 alvo,

100 2590 171 2673 Jam,
183 2605 292 2659 solitum
303 2605 398 2674 aequali
412 2605 476 2659 ludo
490 2604 657 2657 committere
667 2613 804 2672 equestres

103 2691 230 2762 Scipiadae
242 2708 354 2762 pugnas,
368 2691 489 2745 Marium
501 2690 597 2745 tellure
609 2691 717 2745 revulso
806 2714 809 2724 ¹

105 2781 257 2834 Perculerat
269 2797 342 2834 saxo.
362 2782 441 2832 miser
452 2779 613 2851 implorabat
625 2779 741 2832 amicum

103 2869 175 2920 Cum
185 2867 286 2937 gemitu
295 2868 441 2936 exspirans,
454 2867 607 2939 scopulusq3
617 2866 755 2937 premebat
770 2867 899 2924 hiantem.

105 2955 166 3020 Sed,
179 2953 280 3008 validas
293 2972 364 3009 saevo
376 2955 447 3010 vires
458 2954 610 3027 duplicante
621 2952 724 3020 dolore,
