2010 3450
97 310 129 345 η
316 299 406 347 mbas
424 309 455 348 x.
485 301 520 348 v.
533 296 679 362 5⁶5⁴594·

98 412 174 464 Tum
185 411 265 466 laceri
276 411 360 464 fasces
370 411 514 482 fractaeque
525 413 557 465 in·
566 413 657 465 Marte
669 419 783 465 secures:

100 500 162 552 Non
174 499 272 564 conjux
285 499 373 551 native
384 501 502 566 aderant,
517 517 569 553 non
578 501 671 567 juncta
682 500 833 570 propinquo

102 588 235 658 Sanguine
247 589 327 641 turba
338 587 439 653 virdin,
452 598 499 641 aut
510 587 586 642 celsis
598 588 631 641 de
641 604 715 641 more
727 586 833 643 feretris

101 675 257 731 Praecedens
268 677 354 748 prisca
364 677 501 746 exsequias
512 677 655 730 decorabat
665 676 763 746 imago.

103 766 236 819 Omnibus
246 767 351 819 exuviis
362 767 434 819 nudo
441 766 550 834 jamque
562 764 696 818 Hannibal
710 780 780 836 unus

104 855 149 906 Sat
161 854 262 908 decoris
274 855 396 908 laudator
408 866 480 920 erat3
496 854 627 925 fulgentia
638 854 730 925 pingui

104 942 213 996 Murice
226 944 359 1012 supirans
371 942 444 996 inicit
455 943 587 996 velamina
599 954 626 996 et
637 960 704 997 auro

92 1023 238 1084 intextam
248 1030 424 1101 chlamydem,
437 1048 468 1084 ac
479 1048 603 1100 supremo
614 1031 711 1083 affatur
721 1031 838 1105 bonore:

103 1119 128 1182 1,
142 1119 222 1173 decus
235 1121 372 1184 Ausoniae,
386 1137 439 1189 quo
451 1119 490 1171 fas
500 1130 540 1170 est
549 1119 587 1171 ire
599 1122 727 1189 superbas

103 1207 210 1262 Virtute
221 1219 247 1261 et
259 1207 334 1262 factis
345 1207 455 1262 animas.
475 1208 523 1260 tibi
535 1208 621 1279 gloria
632 1208 686 1261 leto
762 1214 765 1229 ¹

103 1298 163 1363 Jam
174 1305 249 1366 parta
260 1296 365 1366 insigni.
386 1306 489 1350 nostros
502 1300 621 1349 Fortuna
632 1296 736 1349 labores
752 1315 756 1320 ·

104 1387 199 1438 Versat
210 1387 308 1451 adhuc,
322 1402 450 1456 casusque
458 1388 537 1454 jubet
549 1388 649 1441 nescire
662 1386 777 1439 futuros.

101 1464 169 1527 *Haec
182 1474 276 1543 Libys;
293 1485 347 1542 atq3
358 1473 452 1545 re'pens
464 1475 655 1548 crepitantibus
665 1476 759 1543 undiq;
773 1476 871 1530 flammi

104 1564 246 1616 AEthereas
256 1563 344 1616 anima
353 1563 489 1616 exsultans
501 1563 582 1615 evasit
594 1563 621 1615 in
633 1580 720 1616 auras.

104 1655 185 1705 Fama
195 1652 291 1704 dehinc
303 1650 429 1720 gliscente
438 1668 503 1704 sono
512 1653 568 1718 jam
580 1651 665 1704 sidera
676 1652 781 1718 adibat;

103 1747 164 1811 Jam
175 1743 258 1795 maria
269 1760 299 1796 ac
312 1752 395 1794 terras
407 1742 575 1811 primamque
586 1741 731 1794 intraverat
745 1743 850 1795 urbem.

105 1831 237 1885 Diffidunt
249 1829 342 1885 muris.
363 1829 447 1882 solam
458 1828 639 1900 pavitantibus
651 1847 740 1883 arcem

104 1918 254 1990 speravisse
268 1929 306 1971 sat
317 1929 367 1971 est.
387 1933 435 1972 nec
447 1917 518 1971 enirn
530 1934 667 1988 superesse
674 1919 827 1984 juventam,

103 2009 146 2060 Ac
158 2018 227 2059 stare
239 2007 368 2060 Ausoniae
380 2023 497 2060 vacuum
506 2005 560 2058 sine
572 2021 684 2076 corpore
691 2023 800 2060 nomen.

103 2096 238 2169 Quodque
249 2096 315 2149 adeo
327 2097 447 2150 nondum
458 2095 541 2165 portis
551 2095 678 2164 irruperit
689 2095 782 2161 hostis,

103 2188 249 2240 Contemtu
261 2202 361 2238 cessare
374 2193 478 2255 putant.
495 2185 552 2250 jam
565 2195 632 2237 tecta
644 2185 766 2251 cremari,

101 2281 145 2331 Ac
157 2276 269 2328 delubra
281 2275 348 2344 rapi,
362 2275 500 2344 caedesque
512 2284 573 2326 ante
585 2293 631 2326 ora
644 2275 764 2329 nefandae

102 2367 244 2426 Natorum,
258 2374 411 2432 septemque
422 2379 495 2415 arces
507 2362 609 2415 fumare
621 2364 758 2417 videntur.
833 2410 835 2414 ,

102 2453 163 2504 Lux
178 2468 230 2502 una
241 2467 347 2502 eversas
358 2451 399 2502 bis
410 2439 518 2503 centum
530 2451 557 2502 in
569 2461 656 2522 strage
669 2451 786 2518 curules,

102 2542 146 2592 Ac
154 2539 286 2604 juvenum
298 2537 339 2590 bis
348 2536 454 2590 tricenis
467 2539 561 2590 orbata
573 2540 694 2608 gemebat

103 2626 230 2678 Millibus
240 2625 376 2678 exhaustae
388 2625 510 2678 nutantia
522 2627 620 2679 moenia
633 2629 743 2682 Romae:

103 2715 195 2781 Atque
204 2716 307 2782 ea'post
317 2714 456 2778 Trebiam,
469 2726 529 2784 post
542 2715 626 2768 Tusci
639 2726 731 2788 stagna
742 2718 870 2788 profundi

101 2803 159 2856 Nec
172 2801 272 2862 socillm
285 2819 397 2855 numero
409 2791 509 2873 pariter
521 2803 622 2857 leviore
635 2815 764 2875 peremto.

103 2890 154 2943 Sed
165 2906 240 2955 vero,
255 2890 382 2944 sedenim
393 2891 489 2960 reliqui
502 2892 544 2961 pia
555 2894 636 2947 turba
648 2896 760 2948 Senatus

102 2979 220 3033 Munera
231 2980 479 3047 sortitoinsaduuta
494 2981 576 3036 Celer
581 2984 677 3038 omnia
687 2984 812 3049 lustrans
