2010 3450
298 266 388 327 nr'srs
408 285 478 326 xnr.
521 287 551 325 v.
565 279 715 341 774-803.
864 289 913 340 ¹07

97 393 178 450 Haud
190 409 317 464 unquam
328 406 383 446 sese
393 391 491 445 virtus.
510 393 558 445 Tu
572 408 668 463 magna
678 391 789 464 gerendi

98 483 241 554 Praecipitat
252 492 374 551 tempus:
395 497 469 534 mors
479 490 538 534 atra
548 481 685 552 impendet
696 481 798 552 agenti.

97 575 163 628 Haec
174 571 273 625 effatus
283 569 350 624 abit.
370 569 459 623 Croesi
471 587 535 622 mox
547 569 656 624 advolat
668 570 774 635 runbra,

98 662 183 716 Dives
192 659 269 730 apud
282 674 406 728 superos:
427 656 474 710 sed
485 656 692 726 morseequirat
703 657 804 728 egenis.

99 749 192 820 Atque
204 744 261 811 hic,
272 745 364 814 Elysio
375 745 529 798 tendentem
540 745 625 799 limite
636 763 747 800 cernens

98 837 223 909 Effigiem
231 835 350 903 juvenis,
362 845 442 889 castae
453 835 496 888 cui
508 834 578 888 vitta
588 834 689 906 ligabat

99 925 241 997 Purpurea
252 925 351 978 effusos
361 941 412 994 per
421 923 492 977 colia
503 923 615 977 nitentia
626 925 723 990 crines,
752 942 755 951 ·

99 1015 161 1080 Dic,
174 1015 222 1080 ait,
235 1013 281 1067 hic
293 1013 411 1082 quinam,
423 1012 520 1083 virgo?
536 1030 598 1066 nam
610 1013 670 1068 luce
682 1013 799 1086 refulget

101 1101 241 1174 Prascipua
251 1100 328 1154 frons
339 1117 414 1154 sacra
425 1100 494 1165 viro,
507 1099 653 1168 multaeque
666 1112 821 1172 sequuntur

102 1192 237 1246 Mirantes
249 1189 356 1255 animae,
370 1199 397 1242 et
407 1189 471 1242 laeto
481 1188 599 1242 clamore
611 1187 793 1259 frequentant.

82 1350 85 1355 ·
102 1279 157 1354 Qi
168 1276 281 1332 vultus!
301 1294 382 1346 quam
396 1275 431 1344 (si
444 1276 534 1346 stygia
545 1294 598 1329 non
610 1289 679 1331 esset
690 1278 718 1331 in
731 1278 840 1344 umbra)

102 1369 238 1424 Dixissem
249 1367 328 1422 facile
340 1384 396 1421 esse
409 1369 513 1420 Deum!
534 1369 596 1420 Non
609 1366 719 1433 falleris,
735 1369 832 1436 inquit,

102 1459 190 1513 Docta
201 1457 422 1511 comes'Triviae:
440 1457 538 1510 meruit
552 1459 627 1514 Deus
637 1476 693 1512 esse
704 1460 800 1525 videri,

102 1544 137 1599 Et
148 1544 202 1598 fuit
214 1545 242 1598 in
255 1553 330 1597 tauto
343 1561 397 1596 non
408 1558 523 1615 parvum
534 1555 642 1614 pectore
654 1562 764 1599 numen.

103 1633 231 1687 Carmine
240 1632 399 1704 complexus
411 1642 520 1696 terram,
534 1649 618 1696 mare,
633 1633 728 1697 sidera,
741 1650 844 1698 manes,

103 1719 138 1775 Et
150 1731 234 1776 cantu
243 1721 341 1773 Musas
352 1730 379 1774 et
391 1720 527 1773 Phoebum
538 1721 656 1790 aequavit
666 1721 778 1774 honore.

102 1811 196 1880 Atque
208 1809 267 1862 hare
278 1818 384 1873 cuncta,
397 1809 472 1879 prius
485 1826 565 1877 quam
576 1820 707 1876 cerneret,
720 1809 815 1864 ordine
825 1809 905 1866 tenir

103 1897 236 1962 Prodidit,
249 1906 276 1950 et
288 1907 407 1950 vestram
418 1897 481 1950 tulit
492 1913 577 1968 usque
588 1899 622 1952 ad
634 1899 721 1952 sidera
730 1901 758 1953 T
759 1901 855 1967 rojam.

103 1988 202 2059 Scipio,
214 1986 381 2056 perlustrans
393 1986 478 2041 oculis
490 1986 644 2042 laetantibus
657 1988 793 2053 umbram,

104 2077 131 2130 Si
142 2092 216 2130 nunc
228 2075 284 2130 fata
295 2077 399 2141 darent,
413 2086 444 2129 ut
456 2076 574 2129 Romula
586 2076 655 2131 facta
667 2093 716 2147 per
726 2077 832 2130 orbem·

104 2167 156 2219 Hic
166 2173 275 2217 caneret
285 2175 369 2230 vates,
385 2173 487 2234 quanto
499 2165 600 2230 majora
611 2164 718 2218 futuros

104 2257 186 2308 Facta
196 2254 290 2307 eadem
301 2254 432 2307 intrarent
444 2253 505 2319 hoc,
520 2254 614 2321 iuquit,
627 2264 694 2308 teste
706 2255 829 2324 nepotes!

104 2342 181 2397 Felix
193 2342 319 2408 AEacida,
332 2342 376 2395 cui
389 2341 436 2397 tali
447 2341 559 2412 contigit
570 2359 616 2395 ore

106 2430 242 2502 Gentibus
254 2431 373 2484 ostendit
394 2428 479 2484 crevit
490 2440 538 2482 tua
546 2430 663 2483 carmine
672 2431 770 2484 virtus.

106 2519 159 2571 Sed
168 2536 230 2587 quae
242 2527 317 2572 tanta
328 2520 394 2571 adeo
406 2528 574 2588 grassantum
584 2519 666 2573 turba
676 2520 824 2587 requirens,

107 2608 230 2660 Heroum
241 2607 341 2678 effigies
352 2608 521 2678 majoresque
532 2609 627 2680 accipit
639 2610 757 2664 umbras.

107 2694 174 2749 Inde
185 2697 247 2750 viro
259 2705 349 2766 stupet
359 2698 482 2763 AEacide,
496 2709 585 2770 stupet
595 2703 711 2754 Hectore
722 2719 830 2776 magno,

109 2784 253 2854 Ajacisque
264 2785 379 2857 gradum
390 2789 594 2857 venerandaque
605 2790 725 2843 Nestoris
734 2808 782 2846 ora

110 2870 239 2938 Miratur,
252 2871 373 2944 geminos
384 2884 500 2944 aspectat
511 2876 590 2930 laetus
604 2877 722 2945 Atridas,

112 2957 225 3032 Jamque
236 2959 372 3030 Ithacum,
384 2963 465 3020 corde
477 2975 626 3037 aequantem
638 2967 727 3024 Peieia
736 2967 815 3027 ncta.
