2010 3450
303 289 395 332 um
413 290 481 332 xtv.
517 292 547 331 v.
560 283 709 348 595-624.
860 300 907 351 133

101 397 194 455 Fluxit
206 394 332 452 deficiens
343 412 431 467 penna
439 393 545 450 labente
557 396 694 452 volucriss

100 481 167 538 Inde
179 485 245 539 ferae
258 482 333 537 silvis
344 482 439 536 sterni:
460 493 519 536 tum
531 499 638 553 serpere
650 483 723 557 iubes

99 575 241 638 Tartarea,
251 581 335 643 atque
344 571 445 624 haustis
455 571 578 642 populari
588 583 675 627 castra
685 573 819 645 maniplis.

99 663 205 718 Arebat
216 660 320 732 lingua,
331 669 359 713 et
369 659 473 730 gelidus
483 676 532 731 per
542 660 645 715 viscera
655 662 738 717 sudor

98 751 222 821 Corpore
234 749 358 803 manebat
369 747 500 802 tremulo:
515 747 676 804 descendere
688 749 779 806 fauces

97 841 262 895 Abnueraut
272 838 350 892 siccae
358 838 496 902 jussorum
506 837 631 891 alinsenta
641 838 774 894 ciborum.

96 930 205 1001 Aspera
215 926 371 998 pulmonem
381 926 462 980 tussis
470 926 566 995 quatit,
578 935 606 978 et
616 943 666 997 per
675 927 772 982 anhela

96 1018 196 1088 lgneus
206 1016 313 1069 efflatur
324 1014 461 1068 sitientum
471 1012 580 1082 spiritus
591 1030 649 1067 ors.

95 1105 222 1171 Lumina,
237 1104 308 1158 ferre
318 1115 429 1175 gravem
439 1100 650 1155 vixsufficieutia
660 1101 758 1168 lucem,

95 1192 173 1247 Unca
184 1193 356 1257 anteissent,
367 1189 505 1259 saniesque
512 1187 635 1242 immixta
644 1205 741 1242 rmore

94 1281 256 1353 Exspuitur,
268 1278 449 1350 rrsembrisque
459 1278 528 1332 cutis
540 1280 606 1350 tegit
616 1295 676 1336 osse
686 1278 795 1350 peresis.

94 1372 156 1425 Heu
166 1369 260 1424 dolori
280 1368 390 1438 insignis
400 1368 470 1422 notis
480 1367 635 1421 bellatoris
647 1370 729 1422 suuis

93 1457 199 1529 Ignavo
211 1457 316 1529 rapitur
326 1456 390 1510 leto.
405 1458 542 1523 jactantur
552 1457 580 1511 in
591 1457 681 1528 ignem

94 1548 175 1601 Dona
183 1546 300 1618 superba
310 1543 411 1610 virum,
424 1545 511 1598 multo
521 1546 651 1599 Mavorte
662 1555 763 1617 parata.

93 1634 241 1690 Succubuit
252 1633 383 1687 medicina
401 1633 487 1686 malis.
505 1634 680 1688 cumulantur
688 1651 786 1689 acervo

92 1723 256 1787 Labentum,
265 1731 293 1776 et
301 1738 399 1791 magno
410 1721 510 1774 sineres
521 1737 577 1776 sese
588 1738 685 1794 aggere
694 1723 804 1777 tollunt.

93 1811 195 1866 Passim
205 1809 286 1863 etiam
297 1810 401 1862 deserta
409 1809 498 1874 jacent
509 1809 700 1882 inhumataque
712 1812 765 1866 late

92 1900 226 1971 Corpora,
238 1897 379 1969 pestiferos
391 1896 507 1969 tetigisse
517 1899 673 1953 timentibus
684 1913 768 1957 artus.
828 1920 831 1925 ·

91 1987 181 2060 Serpit
189 1987 324 2058 puscendo
334 2002 455 2040 crescens
467 1988 617 2042 Acherusia
627 1989 718 2059 pestis,

90 2079 147 2132 Nec
160 2073 262 2130 leviore
273 2075 360 2148 quatit
371 2074 513 2131 Trinacria
524 2075 623 2130 ruoenia
632 2075 719 2142 luctu,

90 2164 294 2238 Poenorumque
305 2179 397 2233 parem
407 2165 500 2219 castris
513 2164 565 2218 fert
575 2174 635 2218 atra
646 2164 776 2220 laborem.

90 2253 213 2322 AEquato
223 2268 275 2324 psr
283 2251 377 2318 exitio,
389 2263 417 2305 ct
427 2253 577 2307 communis
589 2252 691 2323 ubique

89 2343 135 2396 ira
147 2340 249 2406 Derim,
261 2351 342 2412 atque
352 2342 445 2395 eadem
457 2342 502 2395 leti
510 2352 635 2396 versatur
644 2342 744 2414 imago·

89 2429 173 2484 Nulla
183 2438 274 2482 tamen
286 2429 377 2482 latios
387 2428 467 2499 fregit
478 2429 520 2482 vis
528 2431 598 2484 dum
608 2429 753 2496 malorum,

89 2517 354 2582 incolumium,
367 2518 449 2584 virus,
457 2518 613 2589 clademque
623 2517 746 2588 rependit

90 2607 182 2660 Unum
190 2606 262 2659 iuter
274 2616 373 2678 strages
384 2616 474 2660 turum
484 2617 576 2677 eaput.
595 2608 635 2660 Ut
645 2606 735 2678 gravis
744 2623 809 2681 ergo

91 2690 210 2747 Primum
221 2692 342 2748 letiferos
353 2695 477 2764 repressit
488 2694 572 2748 Sirius
584 2705 674 2760 aestus,

91 2779 126 2833 Et
135 2783 256 2837 minuere
268 2780 355 2835 avidae
366 2781 459 2834 mortis
469 2782 591 2853 conugia
602 2792 707 2852 pestes3

92 2864 157 2934 Ceu,
169 2869 356 2924 sidente-Noto
366 2885 430 2922 cum
442 2886 469 2923 se
480 2871 565 2924 maria
574 2871 629 2925 alta
640 2883 785 2944 reponunt,

92 2953 218 3029 Propulsa
227 2957 332 3015 invadit
342 2956 459 3032 piscator
469 2960 571 3018 caerula
580 2960 690 3034 cymba}
