2010 3450
116 268 169 316 m
316 267 405 308 ursan
424 267 491 308 mv.
527 270 555 308 v.
570 268 723 323 325-3341

114 376 171 429 Nec
183 371 254 425 solos
264 370 305 425 vis
317 371 364 425 illa
375 371 458 438 viros,
471 372 535 441 q'uin
548 391 618 445 saepe
629 374 768 429 triremem

114 461 254 533 Belligerae
265 476 378 531 rapuere
390 461 489 525 trabes,
502 478 566 516 cum
576 463 693 532 desuper
703 473 794 517 actum

112 558 268 610 Incuterent
280 551 364 624 puppi
375 552 516 623 chalybem
528 537 684 623 morsusque
694 563 811 607 tenaces.

114 643 180 719 Qi,
194 641 273 695 simul
284 640 365 694 affixo
376 639 465 694 vicina
477 640 503 692 in
515 640 614 695 robora
625 640 698 695 l'erro

113 728 280 783 Sustulerant
291 721 406 782 sublime
419 738 513 792 ratem,
528 727 695 796 (miserabile.
705 727 765 782 visu
774 728 798 794 l)

112 819 165 873 Per
175 818 295 873 subitum
305 833 398 870 rursus
408 816 504 869 laxatis
516 825 573 869 arte
584 816 686 870 catenis

110 908 202 961 Tanta
213 905 377 976 praecipitem
389 904 535 958 reddebant
544 906 616 958 mole
628 905 775 976 profundo,

109 994 148 1047 Ut
160 1005 243 1046 totam
252 991 398 1046 haurirent*
403 990 482 1044 undae
495 1007 557 1045 cum
569 990 653 1044 milite
663 991 788 1064 puppim.

110 1079 160 1134 His
171 1096 252 1150 super
263 1078 363 1132 insidiis
374 1087 486 1149 angusta
498 1077 629 1134 serantina
640 1097 735 1133 murus

109 1171 179 1224 Arte
189 1178 282 1222 cavata
292 1168 382 1232 dabat,
395 1183 443 1237 per
455 1183 516 1237 quae
528 1166 693 1223 confundere
704 1169 759 1223 tela

108 1258 216 1310 Tutum
226 1266 293 1321 erat,
306 1254 429 1326 opposito
440 1255 609 1310 mittentibus
620 1273 717 1328 aggere
728 1258 805 1314 valli.

107 1343 165 1398 Nec
177 1342 232 1397 aine
244 1343 338 1397 fraude
349 1343 434 1407 labos,
446 1352 519 1398 arcta
531 1360 564 1397 ne
576 1361 670 1398 rursus
682 1345 779 1401 eodem

109 1432 216 1504 Spicula
227 1432 262 1486 ab
273 1432 349 1484 hoste
360 1429 405 1484 via
416 1429 520 1484 vicibus
531 1440 654 1485 contorta
665 1431 796 1488 redirent.

108 1519 247 1577 calliditas
259 1520 353 1586 Graja,
366 1529 447 1589 atque
457 1528 530 1572 astus
541 1519 687 1588 pollentior
696 1521 780 1576 armis

106 1608 271 1662 Marcellum
283 1617 424 1678 tantasque
436 1607 520 1660 minas
532 1616 655 1676 terraque
667 1609 801 1679 marique

107 1697 241 1763 Arcebat;
256 1696 394 1766 stabatque
406 1694 500 1766 ingens
510 1695 544 1748 ad
556 1694 654 1748 moenia
666 1695 779 1749 bellum.

104 1783 157 1837 Vir
167 1783 219 1837 fuit
233 1783 383 1837 Isthmiacis
393 1783 475 1838 decus
486 1781 638 1835 immortale
649 1782 762 1850 colonis,

104 1870 217 1941 Ingenio
228 1869 305 1926 facile
317 1881 378 1923 ante
390 1869 456 1922 alios
467 1868 573 1922 telluris
585 1868 717 1935 alumnus,
742 1904 746 1915 ,

104 1959 201 2013 Nudus
211 1975 308 2029 opum3
323 1958 369 2011 sed
380 1958 424 2011 cui
433 1956 534 2011 coelum
546 1966 679 2028 terraeque
691 1968 823 2027 paterent.

104 2046 156 2099 Ille
168 2064 254 2101 novus
265 2045 370 2116 pluvias
382 2046 465 2100 Titan
477 2055 508 2099 ut
519 2046 647 2116 proderet
659 2057 723 2101 ortu

104 2135 223 2188 Fuscatis
231 2134 314 2189 tristis
326 2133 422 2198 radiis;
440 2132 486 2186 ille
498 2133 608 2199 haereat,
621 2153 690 2189 anne

103 2221 220 2275 Pendeat
229 2208 359 2275 instabilis
369 2220 464 2286 tellus}
484 2237 534 2274 cur
544 2222 646 2277 foedere
659 2234 733 2279 certo

103 2310 184 2363 Hunc
193 2309 277 2374 affiua
287 2310 399 2381 globum
410 2310 515 2382 Tethys
526 2312 694 2385 circumliget
707 2317 796 2384 undis,

102 2397 232 2463 Noverat,
245 2408 325 2469 atque
338 2415 390 2452 una
400 2397 488 2469 pelagi
499 2399 623 2470 lunaeque
634 2401 751 2470 labores,

102 2486 139 2539 Et
150 2495 226 2555 pater
238 2486 360 2537 Oceanus
372 2502 425 2555 qua
437 2484 494 2556 lege
506 2486 656 2541 effunderet
666 2501 758 2544 aestus.

101 2574 165 2626 Non
176 2571 254 2626 illum
265 2572 359 2626 mundi
371 2572 524 2627 numerasse
535 2577 638 2644 capacis
651 2594 744 2631 arenas

100 2661 178 2713 Vana
187 2659 265 2712 fides:
284 2676 387 2731 puppes
399 2662 480 2715 etiam
490 2673 697 2733 constructaque
708 2682 774 2721 saxa

101 2745 226 2800 Feminea
237 2747 348 2800 traxisse
360 2746 450 2801 ferunt
462 2759 557 2803 contra
568 2753 653 2806 ardua
663 2753 770 2808 dextra.

99 2836 152 2889 Hic
163 2834 229 2886 dum
241 2834 341 2889 ltalilm
353 2837 494 2890 ductorem
505 2848 565 2892 astu
577 2841 754 2914 Teucrosque
765 2843 866 2916 fatigat,
913 2883 917 2892 ·

102 2921 228 2978 Adnabat
237 2933 346 2984 centum
357 2923 410 2980 late
423 2925 530 2980 Sidonia
540 2925 608 2981 velis
