2010 3450
296 273 387 319 um
404 273 474 319 xtr-
508 274 700 330 tum-324.
856 276 908 331 υ,

100 385 135 440 Et
146 382 244 449 fontes,
258 377 405 445 Aretluue,
418 386 489 443 tuoe,
501 377 536 432 ad
544 377 616 432 bella
625 376 716 432 vocari

98 472 237 537 Invitum,
256 486 317 541 quae
330 478 424 540 sponte
435 467 483 520 diu
495 483 550 520 uon
561 466 696 531 sumserit,
710 466 816 524 boetem

99 561 216 614 Induere
227 574 304 612 arma
315 557 380 622 ribi3
400 555 517 609 telorum
528 555 637 609 turbine
649 565 726 610 vasto

99 647 272 720 Aggreditur
282 661 384 709 mutor,
397 655 478 715 atque
489 643 571 697 arm‘u
583 643 687 696 intonat
697 642 771 696 urbi.

99 734 151 790 Par
162 750 256 790 omma
266 732 347 786 omui
358 732 397 785 ira
409 731 492 802 rapit,
515 741 682 801 certantque,
695 740 841 800 ruuntque.
903 748 905 753 ·

102 802 215 888 Turris,
228 819 373 892 multiplici
385 836 497 890 surgens
508 818 543 872 ad
554 818 641 873 sidera
652 829 733 886 tecto,

99 913 212 978 Eribat,
221 912 343 967 tabulata
351 913 446 966 docem
456 910 499 966 eui
510 927 629 965 erescere
638 913 740 979 Grajut

102 1004 224 1067 Fecerat,
235 1010 265 1054 et
277 1000 376 1057 multae
386 1015 529 1054 nemorum
538 1010 721 1054 consumserat
733 1001 853 1055 unrbrae.

100 1090 245 1144 Armatam
256 1087 319 1142 hinc
331 1087 386 1158 igni
399 1087 492 1158 pinum
502 1096 530 1139 et
541 1086 685 1141 devolvere
698 1105 762 1142 saxa

100 1178 258 1243 Certabant,
268 1176 415 1245 calidaeque
426 1176 492 1245 picit
503 1175 654 1229 diffundere
665 1186 777 1247 pestem.

101 1266 173 1320 lluic
185 1264 281 1337 procul
293 1264 432 1320 ardentem
439 1263 572 1330 jaculatur
583 1263 705 1333 lampada
717 1264 829 1318 Cimber

101 1352 356 1420 Conjicit,etlateri
364 1351 450 1406 telum
461 1351 597 1405 exitiabile
607 1351 676 1423 figit.
821 1349 827 1361 '

102 1440 224 1496 Pascitur
234 1439 343 1507 adiutus
354 1439 492 1494 Vulcanus
500 1439 610 1492 turbine
622 1439 707 1504 venti,

105 1529 327 1596 Gliscentemque
337 1527 448 1582 traltene
458 1527 541 1581 turris
553 1544 603 1597 per
611 1528 713 1589 viscera
723 1526 822 1593 labem,

102 1616 208 1688 Perque
217 1615 300 1673 altam
311 1615 414 1672 molem
424 1625 454 1669 et
464 1616 542 1668 totiea
552 1615 698 1670 crescentia
709 1625 787 1680 tecta,

104 1704 214 1759 Scandit
225 1720 318 1770 orant,
332 1703 483 1774 rapidisque
495 1713 573 1759 vorat
583 1703 740 1776 crepitantia
752 1705 866 1760 ilammie

103 1790 226 1856 Robora,
240 1801 277 1857 et,
289 1790 390 1862 ingenti
402 1790 482 1845 timul
494 1792 648 1845 exundante
659 1809 760 1863 vapore

104 1880 152 1934 Ad
163 1879 275 1945 coelum,
288 1879 376 1934 victor
387 1879 498 1933 nitentia
507 1879 626 1933 eulmina
638 1880 742 1935 lambit.

101 1966 256 2039 Implentur
266 1964 353 2032 fauno,
365 1975 393 2021 et
405 1966 503 2020 nebula
514 1966 633 2038 caliginis
644 1976 710 2021 atrae

102 2057 174 2126 (Nec
182 2054 309 2124 cuiquam
319 2055 431 2109 evatieee
440 2055 535 2122 datur)
547 2070 596 2108 eeu
605 2053 724 2109 fulminis
732 2055 789 2111 ictu

103 2142 247 2213 Correptae
258 2142 352 2214 rapido
362 2143 390 2196 in
402 2142 504 2198 cineret
517 2141 606 2197 abiere
618 2141 714 2195 ruinae.

103 2231 156 2285 Par
166 2242 263 2285 contra
273 2230 367 2303 pelago
380 2231 483 2285 miseris
495 2230 604 2287 fortuna
615 2230 723 2285 catinia.

104 2322 228 2391 Namque
240 2318 288 2374 ubi
300 2336 327 2374 ee
336 2318 448 2391 propius
460 2318 536 2373 tectis
548 2320 661 2388 urbique
671 2320 770 2388 tulere,

80 2409 82 2415 '
104 2412 167 2484 Qa
178 2414 274 2479 portur
285 2407 371 2463 nutrit
380 2418 486 2478 pacatas
497 2408 612 2479 applicat
623 2409 718 2476 undae,

103 2496 257 2567 Improriea
269 2512 339 2549 novo
352 2496 431 2566 pestis
443 2495 591 2550 conterruit
602 2507 672 2550 astu.

105 2585 197 2639 Trabs
208 2586 286 2639 trabe
294 2584 390 2651 juncta
401 2596 480 2651 teres,
492 2585 593 2639 derasis
604 2586 723 2656 undique
735 2585 822 2655 nodia,
906 2629 909 2632 ⁴
996 2579 1001 2585 ’

105 2673 203 2728 Navali
214 2671 308 2726 similit
319 2674 400 2740 malo,
414 2673 525 2744 praefixa
535 2675 645 2747 gerebat

105 2761 189 2817 Uncae
201 2761 256 2816 tela
266 2777 375 2815 manus:
391 2779 423 2816 ea
435 2763 506 2836 celeo
518 2779 552 2815 ex
564 2779 661 2834 aggere
672 2763 743 2824 muri

107 2849 241 2905 Bellantea
253 2850 332 2904 curvi
344 2850 464 2923 rapiebat
475 2851 504 2904 in
515 2867 576 2905 aera
588 2850 653 2904 ferri

109 2936 263 3012 Unguibus,
275 2948 302 2993 et
312 2938 429 2994 mediam
440 2949 563 2996 revocata
574 2937 676 2995 fetebat
688 2939 715 2995 in
727 2935 834 2995 urbem'.
903 2971 907 2983 ι
