<?xml version="1.0" encoding="UTF-8"?>
<!DOCTYPE html PUBLIC "-//W3C//DTD XHTML 1.0 Transitional//EN"
    "http://www.w3.org/TR/xhtml1/DTD/xhtml1-transitional.dtd">
<html xmlns="http://www.w3.org/1999/xhtml" xml:lang="en" lang="en">
 <head>
  <title>
</title>
<meta http-equiv="Content-Type" content="text/html;charset=utf-8" />
  <meta name='ocr-system' content='tesseract 3.04.00' />
  <meta name='ocr-capabilities' content='ocr_page ocr_carea ocr_par ocr_line ocrx_word'/>
</head>
<body>
  <div class='ocr_page' id='page_1' title='image "./cajisiliiitalic00unkngoog_0229.png"; bbox 0 0 2010 3450; ppageno 0'>
   <div class='ocr_carea' id='block_1_1' title="bbox 148 242 601 291">
    <p class='ocr_par' dir='ltr' id='par_1_1' title="bbox 148 242 601 291">
     <span class='ocr_line' id='line_1_1' title="bbox 148 242 601 291; baseline -0.011 -5"><span class='ocrx_word' id='word_1_1' title='bbox 148 246 198 286; x_wconf 79' lang='lat'><strong>220</strong></span> <span class='ocrx_word' id='word_1_2' title='bbox 379 280 385 291; x_wconf 82' lang='grc'><em>,</em></span> <span class='ocrx_word' id='word_1_3' title='bbox 493 242 601 284; x_wconf 68' lang='lat' dir='ltr'><strong>tto&#39;tm.</strong></span> 
     </span>
    </p>
   </div>
   <div class='ocr_carea' id='block_1_2' title="bbox 143 346 944 422">
    <p class='ocr_par' dir='ltr' id='par_1_2' title="bbox 143 346 944 422">
     <span class='ocr_line' id='line_1_2' title="bbox 143 346 944 422; baseline -0.007 -18"><span class='ocrx_word' id='word_1_4' title='bbox 143 349 230 414; x_wconf 87' lang='lat' dir='ltr'><strong>cibus,</strong></span> <span class='ocrx_word' id='word_1_5' title='bbox 257 346 370 402; x_wconf 82' lang='lat' dir='ltr'><strong>affirmat</strong></span> <span class='ocrx_word' id='word_1_6' title='bbox 396 346 532 402; x_wconf 85' lang='lat' dir='ltr'>Heinsius.</span> <span class='ocrx_word' id='word_1_7' title='bbox 556 357 639 414; x_wconf 86' lang='lat' dir='ltr'><strong>certe,</strong></span> <span class='ocrx_word' id='word_1_8' title='bbox 664 347 745 420; x_wconf 82' lang='lat' dir='ltr'><strong>louge</strong></span> <span class='ocrx_word' id='word_1_9' title='bbox 763 350 944 422; x_wconf 83' lang='lat' dir='ltr'><strong>praestatvul.</strong></span> 
     </span>
    </p>
   </div>
   <div class='ocr_carea' id='block_1_3' title="bbox 144 446 946 597">
    <p class='ocr_par' dir='ltr' id='par_1_3' title="bbox 144 446 946 597">
     <span class='ocr_line' id='line_1_3' title="bbox 144 446 946 597; baseline -0.004 -16"><span class='ocrx_word' id='word_1_10' title='bbox 144 446 352 597; x_wconf 50' lang='lat' dir='ltr'><strong>gagsgwfuerat]</strong></span> <span class='ocrx_word' id='word_1_11' title='bbox 359 524 465 594; x_wconf 73' lang='lat' dir='ltr'><strong>fumant</strong></span> <span class='ocrx_word' id='word_1_12' title='bbox 477 523 574 595; x_wconf 79' lang='lat' dir='ltr'><strong>Script.</strong></span> <span class='ocrx_word' id='word_1_13' title='bbox 594 523 641 578; x_wconf 84' lang='lat' dir='ltr'><strong>sed</strong></span> <span class='ocrx_word' id='word_1_14' title='bbox 657 523 753 578; x_wconf 90' lang='lat' dir='ltr'><strong>melior</strong></span> <span class='ocrx_word' id='word_1_15' title='bbox 774 540 831 577; x_wconf 89' lang='lat' dir='ltr'><strong>esse</strong></span> <span class='ocrx_word' id='word_1_16' title='bbox 841 524 946 579; x_wconf 90' lang='lat' dir='ltr'><strong>videtur</strong></span> 
     </span>
    </p>
   </div>
   <div class='ocr_carea' id='block_1_4' title="bbox 43 615 944 693">
    <p class='ocr_par' dir='ltr' id='par_1_4' title="bbox 43 615 944 693">
     <span class='ocr_line' id='line_1_4' title="bbox 43 615 944 693; baseline -0.011 -13"><span class='ocrx_word' id='word_1_17' title='bbox 43 646 45 651; x_wconf 95' lang='lat'>·</span> <span class='ocrx_word' id='word_1_18' title='bbox 145 627 301 692; x_wconf 86' lang='lat' dir='ltr'><strong>conjectura</strong></span> <span class='ocrx_word' id='word_1_19' title='bbox 313 623 425 678; x_wconf 87' lang='lat' dir='ltr'><strong>Heinsii.</strong></span> <span class='ocrx_word' id='word_1_20' title='bbox 440 622 629 677; x_wconf 87' lang='lat' dir='ltr'><strong>Hellenismus.</strong></span> <span class='ocrx_word' id='word_1_21' title='bbox 644 615 826 693; x_wconf 65' lang='lat' dir='ltr'><strong>suppleretis:</strong></span> <span class='ocrx_word' id='word_1_22' title='bbox 853 641 944 680; x_wconf 77' lang='lat' dir='ltr'><strong>secum</strong></span> 
     </span>
    </p>
   </div>
   <div class='ocr_carea' id='block_1_5' title="bbox 143 711 942 855">
    <p class='ocr_par' dir='ltr' id='par_1_5' title="bbox 143 711 942 855">
     <span class='ocr_line' id='line_1_5' title="bbox 143 711 942 782; baseline 0 -15"><span class='ocrx_word' id='word_1_23' title='bbox 143 713 211 767; x_wconf 90' lang='lat' dir='ltr'><strong>dum</strong></span> <span class='ocrx_word' id='word_1_24' title='bbox 221 722 323 767; x_wconf 81' lang='lat' dir='ltr'><strong>ceteras</strong></span> <span class='ocrx_word' id='word_1_25' title='bbox 340 721 412 767; x_wconf 78' lang='lat' dir='ltr'><strong>uecta</strong></span> <span class='ocrx_word' id='word_1_26' title='bbox 421 721 449 767; x_wconf 87' lang='lat' dir='ltr'><strong>et</strong></span> <span class='ocrx_word' id='word_1_27' title='bbox 457 713 593 768; x_wconf 74' lang='lat' dir='ltr'><strong>cinumle&#39;ta</strong></span> <span class='ocrx_word' id='word_1_28' title='bbox 602 711 774 782; x_wconf 84' lang='lat' dir='ltr'>singulariter</span> <span class='ocrx_word' id='word_1_29' title='bbox 785 713 818 765; x_wconf 91' lang='lat' dir='ltr'><strong>de</strong></span> <span class='ocrx_word' id='word_1_30' title='bbox 829 712 942 770; x_wconf 82' lang='lat' dir='ltr'><strong>falarica.</strong></span> 
     </span>
     <span class='ocr_line' id='line_1_6' title="bbox 146 800 290 855; baseline -0.007 -1"><span class='ocrx_word' id='word_1_31' title='bbox 146 810 173 855; x_wconf 90' lang='lat' dir='ltr'><strong>et</strong></span> <span class='ocrx_word' id='word_1_32' title='bbox 184 800 222 853; x_wconf 82' lang='lat' dir='ltr'><strong>ita</strong></span> <span class='ocrx_word' id='word_1_33' title='bbox 230 801 290 854; x_wconf 87' lang='lat' dir='ltr'><strong>Les.</strong></span> 
     </span>
    </p>
   </div>
   <div class='ocr_carea' id='block_1_6' title="bbox 145 887 943 1225">
    <p class='ocr_par' dir='ltr' id='par_1_6' title="bbox 145 887 943 1225">
     <span class='ocr_line' id='line_1_7' title="bbox 178 887 942 961; baseline 0.003 -20"><span class='ocrx_word' id='word_1_34' title='bbox 178 905 239 958; x_wconf 78' lang='lat'><strong>³97·</strong></span> <span class='ocrx_word' id='word_1_35' title='bbox 259 887 369 961; x_wconf 70' lang='lat' dir='ltr'><strong>hudm]</strong></span> <span class='ocrx_word' id='word_1_36' title='bbox 382 887 666 959; x_wconf 80' lang='lat' dir='ltr'><strong>lnplurimisladmus.</strong></span> <span class='ocrx_word' id='word_1_37' title='bbox 688 887 740 941; x_wconf 90' lang='lat' dir='ltr'><strong>Sed</strong></span> <span class='ocrx_word' id='word_1_38' title='bbox 748 904 813 943; x_wconf 88' lang='lat' dir='ltr'><strong>vera</strong></span> <span class='ocrx_word' id='word_1_39' title='bbox 821 899 862 943; x_wconf 88' lang='lat' dir='ltr'><strong>est</strong></span> <span class='ocrx_word' id='word_1_40' title='bbox 870 890 942 944; x_wconf 86' lang='lat' dir='ltr'><strong>Oxo-</strong></span> 
     </span>
     <span class='ocr_line' id='line_1_8' title="bbox 145 974 942 1046; baseline -0.003 -15"><span class='ocrx_word' id='word_1_41' title='bbox 145 976 275 1031; x_wconf 88' lang='lat' dir='ltr'><strong>niensium</strong></span> <span class='ocrx_word' id='word_1_42' title='bbox 288 976 506 1030; x_wconf 82' lang='lat' dir='ltr'><strong>membranarum</strong></span> <span class='ocrx_word' id='word_1_43' title='bbox 519 974 651 1046; x_wconf 85' lang='lat' dir='ltr'><strong>scriptura</strong></span> <span class='ocrx_word' id='word_1_44' title='bbox 663 975 779 1031; x_wconf 84' lang='lat' dir='ltr'><strong>laudus:</strong></span> <span class='ocrx_word' id='word_1_45' title='bbox 796 993 860 1030; x_wconf 86' lang='lat' dir='ltr'><strong>nam</strong></span> <span class='ocrx_word' id='word_1_46' title='bbox 874 977 942 1030; x_wconf 83' lang='lat' dir='ltr'><strong>Lau-</strong></span> 
     </span>
     <span class='ocr_line' id='line_1_9' title="bbox 146 1061 940 1134; baseline -0.001 -17"><span class='ocrx_word' id='word_1_47' title='bbox 146 1063 191 1117; x_wconf 82' lang='lat' dir='ltr'><strong>dia</strong></span> <span class='ocrx_word' id='word_1_48' title='bbox 201 1063 347 1118; x_wconf 80' lang='lat' dir='ltr'><strong>Ptolemaeo</strong></span> <span class='ocrx_word' id='word_1_49' title='bbox 367 1062 498 1134; x_wconf 90' lang='lat' dir='ltr'><strong>oppidum</strong></span> <span class='ocrx_word' id='word_1_50' title='bbox 513 1072 553 1115; x_wconf 89' lang='lat' dir='ltr'><strong>est</strong></span> <span class='ocrx_word' id='word_1_51' title='bbox 569 1061 741 1115; x_wconf 77' lang='lat' dir='ltr'><strong>Mauritaniae</strong></span> <span class='ocrx_word' id='word_1_52' title='bbox 758 1063 940 1118; x_wconf 82' lang='lat' dir='ltr'><strong>Caesariensis:</strong></span> 
     </span>
     <span class='ocr_line' id='line_1_10' title="bbox 147 1138 943 1225; baseline -0.003 -21"><span class='ocrx_word' id='word_1_53' title='bbox 147 1149 225 1204; x_wconf 85' lang='lat' dir='ltr'>Laud</span> <span class='ocrx_word' id='word_1_54' title='bbox 237 1166 302 1204; x_wconf 90' lang='lat' dir='ltr'><strong>vero</strong></span> <span class='ocrx_word' id='word_1_55' title='bbox 308 1150 396 1204; x_wconf 90' lang='lat' dir='ltr'><strong>Plinio</strong></span> <span class='ocrx_word' id='word_1_56' title='bbox 403 1149 503 1204; x_wconf 86' lang='lat' dir='ltr'><strong>fluvius</strong></span> <span class='ocrx_word' id='word_1_57' title='bbox 512 1146 684 1201; x_wconf 83' lang='lat' dir='ltr'><strong>Mauritaniae</strong></span> <span class='ocrx_word' id='word_1_58' title='bbox 692 1138 861 1225; x_wconf 82' lang='lat' dir='ltr'><strong>Tingitanae3</strong></span> <span class='ocrx_word' id='word_1_59' title='bbox 875 1148 943 1202; x_wconf 89' lang='lat' dir='ltr'><strong>unde</strong></span> 
     </span>
    </p>
   </div>
   <div class='ocr_carea' id='block_1_7' title="bbox 127 1237 940 2976">
    <p class='ocr_par' dir='ltr' id='par_1_7' title="bbox 144 1237 940 1486">
     <span class='ocr_line' id='line_1_11' title="bbox 145 1237 940 1308; baseline -0.006 -14"><span class='ocrx_word' id='word_1_60' title='bbox 145 1241 226 1297; x_wconf 85' lang='lat' dir='ltr'><strong>Silius</strong></span> <span class='ocrx_word' id='word_1_61' title='bbox 235 1240 262 1295; x_wconf 97' lang='lat' dir='ltr'><strong>id</strong></span> <span class='ocrx_word' id='word_1_62' title='bbox 274 1257 373 1296; x_wconf 89' lang='lat' dir='ltr'><strong>nomen</strong></span> <span class='ocrx_word' id='word_1_63' title='bbox 384 1237 514 1294; x_wconf 70' lang='lat' dir='ltr'><strong>sonnisse</strong></span> <span class='ocrx_word' id='word_1_64' title='bbox 526 1237 642 1301; x_wconf 86' lang='lat' dir='ltr'><strong>videtur,</strong></span> <span class='ocrx_word' id='word_1_65' title='bbox 660 1253 710 1308; x_wconf 90' lang='lat' dir='ltr'><strong>pro</strong></span> <span class='ocrx_word' id='word_1_66' title='bbox 724 1254 800 1291; x_wconf 88' lang='lat' dir='ltr'><strong>more</strong></span> <span class='ocrx_word' id='word_1_67' title='bbox 811 1254 880 1304; x_wconf 84' lang='lat' dir='ltr'><strong>suo;</strong></span> <span class='ocrx_word' id='word_1_68' title='bbox 898 1246 940 1290; x_wconf 88' lang='lat' dir='ltr'><strong>ut-</strong></span> 
     </span>
     <span class='ocr_line' id='line_1_12' title="bbox 144 1325 938 1401; baseline -0.008 -17"><span class='ocrx_word' id='word_1_69' title='bbox 144 1340 208 1401; x_wconf 83' lang='lat' dir='ltr'>pote</span> <span class='ocrx_word' id='word_1_70' title='bbox 227 1330 273 1401; x_wconf 89' lang='lat' dir='ltr'><strong>qui</strong></span> <span class='ocrx_word' id='word_1_71' title='bbox 292 1328 455 1383; x_wconf 82' lang='lat' dir='ltr'><strong>bellatorum</strong></span> <span class='ocrx_word' id='word_1_72' title='bbox 471 1325 579 1380; x_wconf 84' lang='lat' dir='ltr'><strong>nomina</strong></span> <span class='ocrx_word' id='word_1_73' title='bbox 589 1343 606 1378; x_wconf 87' lang='lat' dir='ltr'><strong>a</strong></span> <span class='ocrx_word' id='word_1_74' title='bbox 616 1326 763 1392; x_wconf 87' lang='lat' dir='ltr'><strong>montibus,</strong></span> <span class='ocrx_word' id='word_1_75' title='bbox 777 1325 878 1392; x_wconf 87' lang='lat' dir='ltr'><strong>fluviis,</strong></span> <span class='ocrx_word' id='word_1_76' title='bbox 890 1325 938 1380; x_wconf 78' lang='lat' dir='ltr'><strong>dec.</strong></span> 
     </span>
     <span class='ocr_line' id='line_1_13' title="bbox 144 1412 523 1486; baseline -0.016 -15"><span class='ocrx_word' id='word_1_77' title='bbox 144 1415 266 1471; x_wconf 83' lang='lat' dir='ltr'><strong>derivare</strong></span> <span class='ocrx_word' id='word_1_78' title='bbox 278 1414 404 1486; x_wconf 76' lang='lat' dir='ltr'><strong>opprimis</strong></span> <span class='ocrx_word' id='word_1_79' title='bbox 415 1412 523 1484; x_wconf 85' lang='lat' dir='ltr'><strong>gaudet.</strong></span> 
     </span>
    </p>

    <p class='ocr_par' dir='ltr' id='par_1_8' title="bbox 141 1500 939 1742">
     <span class='ocr_line' id='line_1_14' title="bbox 176 1500 939 1575; baseline -0.001 -17"><span class='ocrx_word' id='word_1_80' title='bbox 176 1524 238 1572; x_wconf 75' lang='lat'><strong>403·</strong></span> <span class='ocrx_word' id='word_1_81' title='bbox 258 1503 397 1574; x_wconf 81' lang='lat' dir='ltr'><em>Chremetes]</em></span> <span class='ocrx_word' id='word_1_82' title='bbox 415 1500 531 1573; x_wconf 85' lang='lat' dir='ltr'><strong>Vulgata</strong></span> <span class='ocrx_word' id='word_1_83' title='bbox 538 1500 616 1555; x_wconf 88' lang='lat' dir='ltr'><strong>lectio</strong></span> <span class='ocrx_word' id='word_1_84' title='bbox 627 1500 731 1554; x_wconf 80' lang='lat' dir='ltr'><strong>Chremes</strong></span> <span class='ocrx_word' id='word_1_85' title='bbox 739 1504 865 1572; x_wconf 79' lang='lat' dir='ltr'><strong>pec&#39;catin</strong></span> <span class='ocrx_word' id='word_1_86' title='bbox 873 1503 939 1575; x_wconf 85' lang='lat' dir='ltr'><strong>leges</strong></span> 
     </span>
     <span class='ocr_line' id='line_1_15' title="bbox 143 1585 937 1663; baseline 0.001 -18"><span class='ocrx_word' id='word_1_87' title='bbox 143 1592 273 1646; x_wconf 90' lang='lat' dir='ltr'><strong>metricas.</strong></span> <span class='ocrx_word' id='word_1_88' title='bbox 289 1585 384 1644; x_wconf 74' lang='lat' dir='ltr'><strong>Heins.⁵</strong></span> <span class='ocrx_word' id='word_1_89' title='bbox 400 1589 464 1660; x_wconf 88' lang='lat' dir='ltr'><strong>legit</strong></span> <span class='ocrx_word' id='word_1_90' title='bbox 479 1589 592 1647; x_wconf 78' lang='lat' dir='ltr'><strong>Chromis.</strong></span> <span class='ocrx_word' id='word_1_91' title='bbox 612 1589 684 1642; x_wconf 91' lang='lat' dir='ltr'><strong>Cum</strong></span> <span class='ocrx_word' id='word_1_92' title='bbox 696 1590 783 1644; x_wconf 87' lang='lat' dir='ltr'><strong>Drak.</strong></span> <span class='ocrx_word' id='word_1_93' title='bbox 796 1592 937 1663; x_wconf 89' lang='lat' dir='ltr'><strong>praeferen-</strong></span> 
     </span>
     <span class='ocr_line' id='line_1_16' title="bbox 141 1675 763 1742; baseline -0.003 -10"><span class='ocrx_word' id='word_1_94' title='bbox 141 1678 205 1732; x_wconf 83' lang='lat' dir='ltr'><strong>dam</strong></span> <span class='ocrx_word' id='word_1_95' title='bbox 215 1678 340 1731; x_wconf 78' lang='lat' dir='ltr'><strong>duximus</strong></span> <span class='ocrx_word' id='word_1_96' title='bbox 353 1675 486 1731; x_wconf 88' lang='lat' dir='ltr'><strong>Gronovii</strong></span> <span class='ocrx_word' id='word_1_97' title='bbox 498 1677 611 1742; x_wconf 86' lang='lat' dir='ltr'><strong>conject.</strong></span> <span class='ocrx_word' id='word_1_98' title='bbox 626 1677 763 1730; x_wconf 75' lang='lat' dir='ltr'><em>Chremetes.</em></span> 
     </span>
    </p>

    <p class='ocr_par' dir='ltr' id='par_1_9' title="bbox 139 1764 938 1996">
     <span class='ocr_line' id='line_1_17' title="bbox 175 1764 938 1835; baseline -0.001 -16"><span class='ocrx_word' id='word_1_99' title='bbox 175 1785 208 1831; x_wconf 86' lang='lat'><strong>42</strong></span> <span class='ocrx_word' id='word_1_100' title='bbox 210 1784 236 1832; x_wconf 76' lang='grc' dir='ltr'><strong>ς.</strong></span> <span class='ocrx_word' id='word_1_101' title='bbox 251 1765 320 1820; x_wconf 87' lang='lat' dir='ltr'>Huic</span> <span class='ocrx_word' id='word_1_102' title='bbox 328 1764 428 1831; x_wconf 88' lang='lat' dir='ltr'><strong>versui,</strong></span> <span class='ocrx_word' id='word_1_103' title='bbox 438 1764 550 1835; x_wconf 85' lang='lat' dir='ltr'><strong>pessime</strong></span> <span class='ocrx_word' id='word_1_104' title='bbox 559 1764 662 1830; x_wconf 85' lang='lat' dir='ltr'><strong>luxato,</strong></span> <span class='ocrx_word' id='word_1_105' title='bbox 671 1775 698 1816; x_wconf 90' lang='lat' dir='ltr'><strong>et</strong></span> <span class='ocrx_word' id='word_1_106' title='bbox 708 1765 742 1817; x_wconf 89' lang='lat' dir='ltr'><strong>ab</strong></span> <span class='ocrx_word' id='word_1_107' title='bbox 753 1767 880 1820; x_wconf 86' lang='lat' dir='ltr'><strong>omnibus</strong></span> <span class='ocrx_word' id='word_1_108' title='bbox 885 1766 938 1820; x_wconf 89' lang='lat' dir='ltr'><strong>aliis</strong></span> 
     </span>
     <span class='ocr_line' id='line_1_18' title="bbox 141 1852 936 1924; baseline 0.006 -20"><span class='ocrx_word' id='word_1_109' title='bbox 141 1854 288 1908; x_wconf 82' lang='lat' dir='ltr'><strong>editoribus</strong></span> <span class='ocrx_word' id='word_1_110' title='bbox 299 1852 439 1906; x_wconf 84' lang='lat' dir='ltr'><strong>infeliciter</strong></span> <span class='ocrx_word' id='word_1_111' title='bbox 451 1862 562 1918; x_wconf 88' lang='lat' dir='ltr'><strong>tentato,</strong></span> <span class='ocrx_word' id='word_1_112' title='bbox 576 1853 683 1905; x_wconf 89' lang='lat' dir='ltr'><strong>tandem</strong></span> <span class='ocrx_word' id='word_1_113' title='bbox 689 1869 769 1924; x_wconf 90' lang='lat' dir='ltr'><strong>opem</strong></span> <span class='ocrx_word' id='word_1_114' title='bbox 777 1855 869 1908; x_wconf 88' lang='lat' dir='ltr'><strong>attulit</strong></span> <span class='ocrx_word' id='word_1_115' title='bbox 876 1857 936 1909; x_wconf 88' lang='lat' dir='ltr'><strong>doc·</strong></span> 
     </span>
     <span class='ocr_line' id='line_1_19' title="bbox 139 1939 810 1996; baseline 0.004 -3"><span class='ocrx_word' id='word_1_116' title='bbox 139 1942 255 1996; x_wconf 84' lang='lat' dir='ltr'><strong>tissimus</strong></span> <span class='ocrx_word' id='word_1_117' title='bbox 267 1939 438 1994; x_wconf 87' lang='lat' dir='ltr'><strong>Lefeburius.</strong></span> <span class='ocrx_word' id='word_1_118' title='bbox 458 1940 492 1992; x_wconf 90' lang='lat' dir='ltr'><strong>ln</strong></span> <span class='ocrx_word' id='word_1_119' title='bbox 505 1941 575 1993; x_wconf 91' lang='lat' dir='ltr'><strong>Cod.</strong></span> <span class='ocrx_word' id='word_1_120' title='bbox 590 1939 652 1992; x_wconf 90' lang='lat' dir='ltr'><strong>Col.</strong></span> <span class='ocrx_word' id='word_1_121' title='bbox 664 1940 810 1996; x_wconf 85' lang='lat' dir='ltr'><strong>exhibetur</strong></span> 
     </span>
    </p>

    <p class='ocr_par' dir='ltr' id='par_1_10' title="bbox 206 2028 854 2102">
     <span class='ocr_line' id='line_1_20' title="bbox 206 2028 854 2102; baseline 0.002 -19"><span class='ocrx_word' id='word_1_122' title='bbox 206 2030 310 2102; x_wconf 77' lang='lat' dir='ltr'><strong>Jamque</strong></span> <span class='ocrx_word' id='word_1_123' title='bbox 318 2039 394 2100; x_wconf 79' lang='lat' dir='ltr'><strong>gemet</strong></span> <span class='ocrx_word' id='word_1_124' title='bbox 401 2028 520 2100; x_wconf 80' lang='lat' dir='ltr'><strong>germinum</strong></span> <span class='ocrx_word' id='word_1_125' title='bbox 528 2038 611 2082; x_wconf 80' lang='lat' dir='ltr'><strong>eontra</strong></span> <span class='ocrx_word' id='word_1_126' title='bbox 623 2028 741 2082; x_wconf 84' lang='lat' dir='ltr'><strong>venabula</strong></span> <span class='ocrx_word' id='word_1_127' title='bbox 753 2029 854 2084; x_wconf 76' lang='lat' dir='ltr'><strong>dentem</strong></span> 
     </span>
    </p>

    <p class='ocr_par' dir='ltr' id='par_1_11' title="bbox 173 2117 308 2170">
     <span class='ocr_line' id='line_1_21' title="bbox 173 2117 308 2170; baseline -0.022 0"><span class='ocrx_word' id='word_1_128' title='bbox 173 2117 207 2170; x_wconf 89' lang='lat' dir='ltr'><strong>In</strong></span> <span class='ocrx_word' id='word_1_129' title='bbox 216 2117 308 2168; x_wconf 84' lang='lat' dir='ltr'><strong>Oxou.</strong></span> 
     </span>
    </p>

    <p class='ocr_par' dir='ltr' id='par_1_12' title="bbox 205 2203 835 2275">
     <span class='ocr_line' id='line_1_22' title="bbox 205 2203 835 2275; baseline 0.002 -18"><span class='ocrx_word' id='word_1_130' title='bbox 205 2203 309 2275; x_wconf 77' lang='lat' dir='ltr'><em>Jamque</em></span> <span class='ocrx_word' id='word_1_131' title='bbox 315 2213 391 2274; x_wconf 79' lang='lat' dir='ltr'><strong>gemet</strong></span> <span class='ocrx_word' id='word_1_132' title='bbox 396 2204 514 2274; x_wconf 82' lang='lat' dir='ltr'><strong>geminum</strong></span> <span class='ocrx_word' id='word_1_133' title='bbox 524 2213 607 2256; x_wconf 83' lang='lat' dir='ltr'><strong>contra</strong></span> <span class='ocrx_word' id='word_1_134' title='bbox 618 2203 736 2257; x_wconf 79' lang='lat' dir='ltr'><strong>venabula</strong></span> <span class='ocrx_word' id='word_1_135' title='bbox 748 2205 835 2258; x_wconf 82' lang='lat' dir='ltr'><strong>decem.</strong></span> 
     </span>
    </p>

    <p class='ocr_par' dir='ltr' id='par_1_13' title="bbox 172 2291 566 2344">
     <span class='ocr_line' id='line_1_23' title="bbox 172 2291 566 2344; baseline -0.003 -1"><span class='ocrx_word' id='word_1_136' title='bbox 172 2293 206 2343; x_wconf 89' lang='lat' dir='ltr'><strong>ln</strong></span> <span class='ocrx_word' id='word_1_137' title='bbox 218 2291 288 2344; x_wconf 89' lang='lat' dir='ltr'><strong>Cod.</strong></span> <span class='ocrx_word' id='word_1_138' title='bbox 303 2291 365 2342; x_wconf 92' lang='lat' dir='ltr'><strong>Put.</strong></span> <span class='ocrx_word' id='word_1_139' title='bbox 379 2300 406 2343; x_wconf 92' lang='lat' dir='ltr'><strong>et</strong></span> <span class='ocrx_word' id='word_1_140' title='bbox 416 2291 469 2343; x_wconf 87' lang='lat' dir='ltr'><strong>Ed.</strong></span> <span class='ocrx_word' id='word_1_141' title='bbox 484 2291 566 2343; x_wconf 88' lang='lat' dir='ltr'><strong>Rom.</strong></span> 
     </span>
    </p>

    <p class='ocr_par' dir='ltr' id='par_1_14' title="bbox 202 2379 859 2452">
     <span class='ocr_line' id='line_1_24' title="bbox 202 2379 859 2452; baseline 0.002 -18"><span class='ocrx_word' id='word_1_142' title='bbox 202 2381 402 2452; x_wconf 77' lang='lat' dir='ltr'><strong>Jamquegemems</strong></span> <span class='ocrx_word' id='word_1_143' title='bbox 410 2380 528 2450; x_wconf 83' lang='lat' dir='ltr'><strong>geminum</strong></span> <span class='ocrx_word' id='word_1_144' title='bbox 540 2390 623 2434; x_wconf 78' lang='lat' dir='ltr'><strong>contra</strong></span> <span class='ocrx_word' id='word_1_145' title='bbox 635 2379 753 2433; x_wconf 73' lang='lat' dir='ltr'><strong>meudula</strong></span> <span class='ocrx_word' id='word_1_146' title='bbox 756 2381 859 2450; x_wconf 72' lang='lat' dir='ltr'><strong>fertur.</strong></span> 
     </span>
    </p>

    <p class='ocr_par' dir='ltr' id='par_1_15' title="bbox 172 2467 801 2537">
     <span class='ocr_line' id='line_1_25' title="bbox 172 2467 801 2537; baseline -0.008 -15"><span class='ocrx_word' id='word_1_147' title='bbox 172 2469 261 2522; x_wconf 87' lang='lat' dir='ltr'><strong>Drak.</strong></span> <span class='ocrx_word' id='word_1_148' title='bbox 274 2485 339 2521; x_wconf 93' lang='lat' dir='ltr'><strong>cum</strong></span> <span class='ocrx_word' id='word_1_149' title='bbox 350 2467 455 2536; x_wconf 86' lang='lat' dir='ltr'><strong>vulgat.</strong></span> <span class='ocrx_word' id='word_1_150' title='bbox 470 2467 534 2537; x_wconf 88' lang='lat' dir='ltr'><strong>legit</strong></span> <span class='ocrx_word' id='word_1_151' title='bbox 797 2523 801 2534; x_wconf 41' lang='grc' dir='ltr'><strong><em>Ι</em></strong></span> 
     </span>
    </p>

    <p class='ocr_par' dir='ltr' id='par_1_16' title="bbox 201 2555 866 2628">
     <span class='ocr_line' id='line_1_26' title="bbox 201 2555 866 2628; baseline 0.002 -19"><span class='ocrx_word' id='word_1_152' title='bbox 201 2557 305 2627; x_wconf 80' lang='lat' dir='ltr'><strong>Jamque</strong></span> <span class='ocrx_word' id='word_1_153' title='bbox 312 2573 405 2626; x_wconf 84' lang='lat' dir='ltr'><em>gemens</em></span> <span class='ocrx_word' id='word_1_154' title='bbox 411 2557 530 2626; x_wconf 82' lang='lat' dir='ltr'><strong>geminem</strong></span> <span class='ocrx_word' id='word_1_155' title='bbox 538 2565 622 2608; x_wconf 83' lang='lat' dir='ltr'><strong>emera</strong></span> <span class='ocrx_word' id='word_1_156' title='bbox 634 2555 754 2609; x_wconf 84' lang='lat' dir='ltr'><strong>venabula</strong></span> <span class='ocrx_word' id='word_1_157' title='bbox 765 2566 866 2628; x_wconf 82' lang='lat' dir='ltr'><strong>torquet.</strong></span> 
     </span>
    </p>

    <p class='ocr_par' dir='ltr' id='par_1_17' title="bbox 127 2641 931 2976">
     <span class='ocr_line' id='line_1_27' title="bbox 168 2641 931 2711; baseline 0 -16"><span class='ocrx_word' id='word_1_158' title='bbox 168 2644 398 2711; x_wconf 87' lang='lat' dir='ltr'><strong>Supervacaneum</strong></span> <span class='ocrx_word' id='word_1_159' title='bbox 416 2641 485 2694; x_wconf 85' lang='lat' dir='ltr'><strong>soret</strong></span> <span class='ocrx_word' id='word_1_160' title='bbox 506 2659 598 2694; x_wconf 90' lang='lat' dir='ltr'><strong>omnes</strong></span> <span class='ocrx_word' id='word_1_161' title='bbox 614 2642 750 2696; x_wconf 90' lang='lat' dir='ltr'><strong>editorum</strong></span> <span class='ocrx_word' id='word_1_162' title='bbox 768 2644 931 2710; x_wconf 86' lang='lat' dir='ltr'><strong>conjecturas</strong></span> 
     </span>
     <span class='ocr_line' id='line_1_28' title="bbox 132 2728 930 2802; baseline -0.001 -19"><span class='ocrx_word' id='word_1_163' title='bbox 132 2728 177 2783; x_wconf 90' lang='lat' dir='ltr'><strong>hic</strong></span> <span class='ocrx_word' id='word_1_164' title='bbox 188 2745 345 2783; x_wconf 89' lang='lat' dir='ltr'><strong>coacervare</strong></span> <span class='ocrx_word' id='word_1_165' title='bbox 353 2747 361 2791; x_wconf 74' lang='lat'><em>3</em></span> <span class='ocrx_word' id='word_1_166' title='bbox 381 2728 505 2796; x_wconf 89' lang='lat' dir='ltr'><strong>quoniam</strong></span> <span class='ocrx_word' id='word_1_167' title='bbox 517 2747 595 2782; x_wconf 91' lang='lat' dir='ltr'><strong>nemo</strong></span> <span class='ocrx_word' id='word_1_168' title='bbox 608 2731 667 2796; x_wconf 89' lang='lat' dir='ltr'><strong>erit,</strong></span> <span class='ocrx_word' id='word_1_169' title='bbox 680 2732 871 2802; x_wconf 88' lang='lat' dir='ltr'><strong>proculdubio,</strong></span> <span class='ocrx_word' id='word_1_170' title='bbox 889 2731 930 2786; x_wconf 89' lang='lat' dir='ltr'><strong>cui</strong></span> 
     </span>
     <span class='ocr_line' id='line_1_29' title="bbox 132 2816 927 2887; baseline 0.001 -19"><span class='ocrx_word' id='word_1_171' title='bbox 132 2833 185 2869; x_wconf 85' lang='lat' dir='ltr'><strong>non</strong></span> <span class='ocrx_word' id='word_1_172' title='bbox 201 2816 327 2870; x_wconf 88' lang='lat' dir='ltr'><strong>arridebit</strong></span> <span class='ocrx_word' id='word_1_173' title='bbox 345 2816 423 2869; x_wconf 89' lang='lat' dir='ltr'><strong>lectio</strong></span> <span class='ocrx_word' id='word_1_174' title='bbox 441 2834 522 2887; x_wconf 85' lang='lat' dir='ltr'><strong>quam</strong></span> <span class='ocrx_word' id='word_1_175' title='bbox 539 2835 587 2870; x_wconf 90' lang='lat' dir='ltr'><strong>nos</strong></span> <span class='ocrx_word' id='word_1_176' title='bbox 607 2818 635 2870; x_wconf 89' lang='lat' dir='ltr'><strong>iu</strong></span> <span class='ocrx_word' id='word_1_177' title='bbox 651 2829 729 2872; x_wconf 84' lang='lat' dir='ltr'><strong>textu</strong></span> <span class='ocrx_word' id='word_1_178' title='bbox 749 2819 927 2874; x_wconf 82' lang='lat' dir='ltr'><strong>exhibuimus.</strong></span> 
     </span>
     <span class='ocr_line' id='line_1_30' title="bbox 127 2902 925 2976; baseline 0.009 -21"><span class='ocrx_word' id='word_1_179' title='bbox 127 2903 183 2956; x_wconf 71' lang='lat' dir='ltr'><strong>Sed</strong></span> <span class='ocrx_word' id='word_1_180' title='bbox 194 2903 256 2957; x_wconf 89' lang='lat' dir='ltr'><strong>vide</strong></span> <span class='ocrx_word' id='word_1_181' title='bbox 267 2903 301 2957; x_wconf 85' lang='lat' dir='ltr'><strong>sis</strong></span> <span class='ocrx_word' id='word_1_182' title='bbox 313 2902 389 2975; x_wconf 81' lang='lat' dir='ltr'><strong>Virg.</strong></span> <span class='ocrx_word' id='word_1_183' title='bbox 404 2904 471 2958; x_wconf 84' lang='lat' dir='ltr'><strong>AEn.</strong></span> <span class='ocrx_word' id='word_1_184' title='bbox 486 2905 538 2959; x_wconf 89' lang='lat' dir='ltr'><strong>Xl.</strong></span> <span class='ocrx_word' id='word_1_185' title='bbox 553 2910 614 2976; x_wconf 85' lang='lat'><strong>698.</strong></span> <span class='ocrx_word' id='word_1_186' title='bbox 630 2907 700 2960; x_wconf 89' lang='lat' dir='ltr'><strong>etV.</strong></span> <span class='ocrx_word' id='word_1_187' title='bbox 710 2906 799 2962; x_wconf 83' lang='lat' dir='ltr'><strong>Flacc.</strong></span> <span class='ocrx_word' id='word_1_188' title='bbox 810 2909 925 2976; x_wconf 81' lang='lat' dir='ltr'><strong>V1·³79·</strong></span> 
     </span>
    </p>
   </div>
   <div class='ocr_carea' id='block_1_8' title="bbox 0 0 1010 3450">
    <p class='ocr_par' dir='ltr' id='par_1_18' title="bbox 0 0 1010 3450">
     <span class='ocr_line' id='line_1_31' title="bbox 0 0 1010 3450; baseline 0 3"><span class='ocrx_word' id='word_1_189' title='bbox 0 0 1010 3450; x_wconf 95' lang='lat' dir='ltr'><strong> </strong></span> 
     </span>
    </p>
   </div>
  </div>
 </body>
</html>
