2010 3450
135 276 188 326 152·
350 269 441 310 marn
459 269 513 310 xx.
533 269 580 307 ν,
593 262 741 323 385-414.

139 374 253 429 Ausonii
267 374 389 430 columen
401 375 487 446 regni.
508 374 559 426 Sed
571 375 682 428 dextera
693 385 794 429 nostra:
826 394 829 398 ·

138 465 210 518 Tam
223 463 315 516 similis
327 480 380 515 non
391 463 519 515 obscuras
531 461 653 516 mittatur
664 464 698 516 ad
710 464 831 518 umbras.

140 556 314 627 Magnanima
326 554 426 607 invidia
436 555 523 606 virtus
534 563 616 606 caret.
637 554 705 606 Alta
717 554 833 624 sepulcri

140 645 264 697 Protinus
272 643 428 706 exstruitur,
442 641 563 708 coeloque
575 641 708 705 educitur,
721 659 778 694 ara.

113 757 116 762 ·
140 733 307 784 Convectant
319 730 393 783 silvis
405 723 521 800 ingentia
534 730 641 781 robora.
662 729 764 782 Credas

140 824 279 876 Sidonium
290 822 413 900 cecidisse
426 822 530 874 ducem.
548 822 624 872 Tum
636 821 717 874 thura
730 823 874 893 dapesque,

140 913 177 964 Et
190 912 281 976 fasces,
295 910 448 980 clipeusque
461 908 522 972 viri,
535 925 632 978 pompa
642 908 747 974 ultima,
761 911 857 964 fertur.

140 1003 201 1070 lpse
213 999 298 1052 facem
310 997 435 1060 subdens,
450 997 530 1060 Laus,
544 996 638 1064 inquit,
651 1007 728 1067 parta
740 998 874 1066 perennis.

141 1087 303 1141 Marcellum
314 1084 473 1139 abstulimus
486 1085 572 1136 Latio.
592 1086 733 1154 Deponere
747 1086 837 1139 forsan

140 1176 216 1228 Gens
229 1172 330 1226 ltaltlm
342 1172 450 1224 tandem
461 1189 536 1225 arma
547 1171 623 1224 velit.
643 1173 699 1226 Vos
710 1170 881 1244 ite'superbae

140 1261 287 1332 Exsequias
298 1261 403 1325 animae,
416 1271 442 1312 et
453 1260 569 1313 cinerem
582 1260 678 1313 donate
690 1261 808 1331 supremi

141 1351 266 1403 Muneris
278 1349 380 1403 officio:
404 1364 542 1417 nunquam
553 1347 605 1400 hoc
617 1348 675 1413 tibi,
688 1349 787 1414 Roma,
801 1351 913 1422 negabo,
973 1388 974 1393 =

140 1437 238 1512 [Qud
250 1437 350 1489 virtute
362 1434 414 1488 viri
426 1433 509 1486 titulis
521 1434 646 1487 decorare
659 1435 815 1505 sepulcrum

141 1526 261 1597 Ingentis
273 1523 345 1577 bello
357 1522 443 1586 liceat,
457 1538 608 1591 nomenque
620 1522 727 1575 futuros

142 1615 288 1668 AEternum
299 1610 325 1662 in
336 1609 454 1662 Rutulos
465 1607 549 1678 possis
561 1608 687 1661 mandare
699 1609 836 1682 nepotes]

141 1700 263 1752 Alterius
275 1707 414 1769 paratque
426 1695 519 1748 eadem
531 1694 639 1748 fortuna
650 1694 775 1749 laborum
791 1723 793 1728 v

142 1785 280 1840 Consulis:
299 1783 453 1836 exanimum
465 1780 569 1851 sonipes
581 1783 615 1834 ad
628 1781 702 1853 signa
714 1783 831 1838 revexit.

142 1872 222 1926 Talia
231 1872 257 1923 in
271 1869 402 1924 Ausonia.
422 1868 473 1922 Sed
485 1886 540 1921 non
553 1879 580 1921 et
592 1868 652 1921 talis
664 1869 750 1923 Iberis

142 1961 293 2012 Armorum
302 1967 413 2010 eventus
424 1957 534 2027 campis.
555 1957 729 2028 Karthaginis
740 1977 834 2016 omnes

142 2049 194 2100 Per
206 2047 324 2101 subitum
336 2056 419 2116 raptae
430 2045 526 2116 pernix
537 2045 649 2098 victoria
660 2045 713 2099 late

144 2136 294 2188 Terruerat
305 2144 406 2204 gentes.
426 2133 550 2187 Ducibus
561 2150 620 2204 spes
632 2151 686 2187 una
697 2134 800 2203 salutis,

143 2222 171 2275 Si
182 2223 264 2275 socias
273 2222 388 2293 jungant
400 2215 480 2274 vires.
499 2220 652 2291 ingentibus
663 2239 755 2276 orsum

143 2309 279 2381 Auspiciis
287 2310 425 2376 Juvenem,
438 2326 488 2362 ceu
500 2309 586 2379 patria
597 2320 681 2380 gestet
693 2309 720 2362 in
731 2311 815 2366 armis

142 2397 275 2463 Fulmina,
289 2397 397 2451 sublimi
409 2398 536 2451 vallatam
547 2398 645 2450 vertice
658 2399 757 2451 montis

142 2485 185 2536 Ex
199 2485 283 2538 oculis
294 2487 399 2550 urbem,
413 2485 576 2540 cumulatam
589 2496 675 2557 strage
687 2487 821 2556 virorum,

141 2575 204 2627 Non
217 2582 273 2626 toto
283 2574 399 2643 rapuisse
410 2573 462 2638 die,
475 2591 529 2645 qua
541 2573 659 2627 Martius
670 2574 716 2628 ille

142 2661 280 2713 Hannibal
289 2661 315 2713 in
327 2671 398 2715 terra
408 2672 547 2716 consumto
558 2662 669 2715 verterit
679 2679 760 2730 anno,

141 2750 199 2802 Nee
211 2749 282 2819 pube
294 2752 449 2818 aequandam
462 2768 510 2804 nec
521 2766 604 2821 opum
616 2750 748 2818 ubertate,
763 2753 919 2826 Saguntum.

143 2836 295 2903 Proximus,
306 2838 432 2910 applicito
445 2840 544 2893 saxosis
555 2856 650 2910 aggere
663 2839 747 2908 silvis,

141 2922 293 2990 Tendebat,
307 2922 397 2983 fratris
409 2925 511 2996 spirans
521 2925 639 3001 iugentia
650 2925 730 2994 facta,
