2010 3450
119 244 169 307 '¹48
330 251 423 293 arnan
442 251 492 292 xv.
505 247 517 254 “
529 252 560 289 v⁴
574 239 724 306 asp-29³5.

125 362 185 412 Hoc
197 375 293 411 aurum
305 357 439 420 Patribus,
451 355 526 408 bello
537 355 595 408 haec
608 354 747 423 Martique
757 354 867 423 talenta
899 358 913 367 ”

127 436 294 516 Ηοδτεςυηι
306 445 391 508 donis,
406 443 510 500 Diviim
521 443 572 495 hoc
586 452 647 494 ante
659 442 749 495 omnia
762 443 884 515 templis:
911 447 916 460 ⁸

131 535 229 586 Cetera
239 533 387 587 bellantum
398 532 502 584 dextrae
514 531 681 602 pulchroque
689 530 786 605 labori.

130 622 205 694 Qrin
216 620 297 674 etiam
308 619 406 674 accitus
419 619 511 690 populi
523 628 646 690 regnator
658 618 741 683 Iberi,

132 715 185 768 Cui
197 730 292 785 sponsa
303 724 330 765 et
342 715 445 782 sponsae
457 712 560 765 defixus
573 711 601 764 in
611 710 715 764 ossibus
726 711 824 776 ardor3

132 807 209 858 Hanc
221 813 311 855 noram
320 801 415 854 formae
426 800 554 854 concessit
566 800 644 853 laetus
655 815 793 870 ovansque

132 889 281 943 Indelibata
292 889 418 959 gaudenti
428 889 533 959 virgine
544 889 656 941 donum.

133 980 208 1031 Turn
220 977 297 1029 vacui
309 976 380 1029 curis
390 976 478 1029 vicino
489 976 567 1028 litore
578 992 682 1028 mensas

70 1053 72 1057 ’
133 1067 292 1128 Instituunt‚
305 1064 426 1133 festoque
436 1063 536 1134 agitant
547 1063 671 1116 convivia
680 1062 759 1117 ludo.

135 1152 235 1206 Laelius
245 1153 358 1208 affatur:
380 1154 482 1215 Macte,
495 1168 513 1203 o
523 1151 684 1215 venerande,
697 1149 799 1221 pudici,

137 1243 253 1304 Ductor,
265 1249 351 1292 macte
361 1238 452 1292 animi.
472 1239 548 1292 cedat
560 1238 608 1291 tibi
620 1237 705 1312 gloria
716 1238 830 1310 lausque

137 1331 305 1398 Magnorum
316 1328 439 1392 heroum,
452 1325 637 1396 celebrataque
646 1326 764 1380 carmine
776 1327 873 1382 virtus.
923 1369 925 1373 ⁷

137 1415 217 1469 Mille
229 1416 386 1485 Mycenaeus
397 1414 443 1484 qui
454 1414 537 1467 traxit
548 1414 576 1467 in
589 1399 696 1483 aequora
707 1431 802 1484 proras

138 1505 248 1567 Rector‚
261 1513 287 1554 et
300 1502 415 1555 Inachiis
426 1501 472 1572 qui
484 1501 614 1554 Thessala
625 1501 732 1555 miscuit
742 1519 827 1568 arma,

138 1590 264 1645 Femineo
276 1589 379 1644 soci‘iim
389 1587 528 1643 violairunt
540 1588 628 1642 foedus
640 1606 741 1641 amore.

136 1678 272 1747 Nullaque
282 1688 341 1730 tum
352 1676 469 1747 Phrygio
481 1686 607 1730 steterant
619 1677 733 1731 tentoria
742 1695 848 1750 campo,

138 1767 260 1836 Captivis
272 1783 326 1819 non
338 1765 417 1837 plena
429 1766 509 1818 toris:
527 1766 575 1820 tibi
586 1768 701 1822 barbara
712 1769 762 1822 soli

139 1853 259 1908 Sanctius
271 1854 352 1906 lliaca
364 1840 467 1906 servata
477 1865 517 1907 est
530 1855 665 1908 Phoebade
676 1856 766 1927 virgo.

139 1943 214 2006 llaec,
227 1950 307 2011 atque
318 1941 359 1993 his
370 1941 453 2011 paria,
465 1942 568 1995 alterno
580 1959 702 1996 sermone
712 1945 853 2012 serebant3

139 2030 232 2082 Donec
242 2046 305 2094 nox,
318 2040 377 2082 atro
388 2029 551 2084 circumdata
561 2046 659 2101 corpus
670 2032 781 2098 amictu,

137 2118 279 2187 Nigrantes
292 2116 394 2169 invexit
405 2134 497 2186 equos
511 2118 643 2186 suasitque
656 2119 786 2189 quietem.

138 2204 280 2257 Hemathio
293 2205 393 2257 interca
405 2205 483 2258 tellus
497 2205 592 2259 AEtola
600 2207 721 2260 tumultu

137 2293 280 2357 Fervebat,
297 2293 438 2348 Macetrim
450 2295 544 2348 subitis
555 2297 677 2364 perculsa
687 2298 795 2352 carinis.

137 2379 280 2431 Proximus
291 2380 353 2433 hinc
366 2381 435 2434 hosti
448 2383 555 2435 dextras
564 2384 695 2454 jungebat
705 2387 843 2441 Acarnan.

138 2467 240 2521 Caussa
251 2468 314 2520 novi
326 2480 424 2533 motus,
439 2470 527 2523 Poenis
540 2472 648 2543 regique
661 2474 786 2545 Philippo

138 2554 171 2605 In
182 2553 285 2607 bellum
298 2556 452 2609 Ausonium
463 2557 567 2612 sociatae
580 2559 681 2613 foedere
693 2563 775 2615 vires.

136 2639 197 2704 Hic,
210 2653 288 2711 gente
300 2643 432 2713 egregius,
445 2646 596 2716 veterisque
608 2648 642 2699 ab
654 2649 757 2718 origine
770 2651 846 2722 regni

137 2728 282 2782 AEacidum
294 2732 404 2802 sceptris
416 2749 570 2803 proauoque
582 2737 703 2788 tumebat
717 2737 837 2792 Achille.

133 2815 224 2881 Illeet
237 2807 375 2873 nocturnis
384 2821 532 2875 conterruit
545 2823 644 2875 Oricon
657 2825 754 2878 armis:

135 2907 247 2978 Qaque
259 2924 308 2980 per
319 2908 460 2978 Illyricum
472 2911 634 2966 Taulantius
646 2912 734 2968 incola
744 2914 811 2971 litus
