2010 3450
276 343 281 346 ,
305 290 395 333 aissa
414 289 445 330 x.
480 289 510 328 v.
525 291 670 342 1755-204.

79 394 220 450 Herculea
233 392 340 464 Calpes,
353 395 463 448 caelatus
472 394 602 464 Gorgone
613 409 745 465 parmam,

78 483 156 538 Unde
167 499 254 556 genus
265 482 386 553 tristique
400 484 464 536 Deae
479 481 601 534 manabat
612 481 698 551 origo.

81 571 151 626 Hinc
159 571 340 638 objectantem
352 587 407 624 sese
419 581 500 641 atque
512 569 620 639 antiqua
632 578 781 623 tumentem

79 658 195 714 Nomina
205 657 318 715 saxificae
330 669 479 712 monstrosa
490 673 505 708 e
518 657 598 726 stirpe
611 656 744 720 Medusae,

81 748 155 801 Dum
165 746 268 800 iaerum
280 747 346 817 petit
358 747 514 801 incumbens
526 744 670 797 violentius
682 744 791 814 inguen,
853 816 856 821 ὁ

79 838 213 904 Detrahit,
227 837 326 892 excelsi
336 848 490 907 correptum
502 837 602 891 vertice
614 837 683 901 coni,

79 926 272 995 Afflietumque
280 943 413 996 premens,
427 937 502 996 tergo
514 941 567 994 qua
578 925 682 979 balteus
694 925 749 978 imo

79 1015 214 1083 sinuatur,
234 1032 365 1087 coxaeque
376 1016 448 1070 sedet
460 1014 596 1069 munimen
609 1013 726 1083 utrique,

80 1105 211 1173 conjecto
223 1104 292 1160 fodit
304 1123 366 1160 ense
377 1123 470 1176 super:
486 1106 571 1159 vomit
583 1106 628 1160 ille
639 1107 770 1165 calentem

80 1194 373 1266 Sanguiniseffundens
384 1214 434 1267 per
445 1195 544 1248 hiantia
554 1195 656 1248 viscera
668 1196 768 1262 rivum,

79 1280 114 1335 Et
126 1282 198 1337 subit
209 1283 318 1336 AEtolos
329 1285 483 1339 Atlanticus
494 1283 583 1340 accola
594 1302 711 1358 campos.

80 1371 134 1424 Has
146 1370 217 1425 inter
226 1381 326 1444 strages
338 1375 432 1444 rapido
445 1384 547 1428 terrore
560 1376 645 1429 coorti

81 1459 215 1513 Invadunt
228 1472 312 1533 terga,
324 1475 405 1534 atque
416 1479 510 1516 averso
522 1466 628 1518 turbine
640 1466 751 1522 miscent

82 1546 156 1602 Bella
164 1547 274 1617 inopina
284 1549 346 1614 viri,
360 1550 462 1620 Tyrius
474 1568 541 1618 quos
552 1552 644 1607 fallere
655 1554 748 1609 doctos

82 1637 157 1691 Hanc
168 1635 253 1708 ipsam
263 1655 361 1708 pugnae
373 1650 461 1693 rector
472 1638 602 1694 formirat
612 1641 646 1694 ad
657 1652 757 1696 artem:

83 1724 270 1796 Succinctique
281 1725 360 1791 dolis,
374 1725 498 1797 fugerent
510 1743 559 1781 ceu
572 1727 672 1781 Punica
682 1738 779 1794 castra,

82 1811 247 1867 Dediderant
258 1812 377 1870 dextras.
398 1824 457 1867 tum
468 1815 532 1867 totis
542 1815 676 1868 mentibus
687 1823 773 1870 actam

83 1904 116 1955 ln
126 1901 212 1956 caedes
225 1901 310 1956 aciem
321 1919 391 1974 pone
402 1912 480 1973 atque
491 1903 517 1955 in
530 1913 605 1974 terga
616 1913 724 1958 ruentes

84 1988 265 2060 Praecipitant.
284 2007 338 2044 non
351 1990 426 2044 hasta
436 1991 506 2056 viro,
517 2009 571 2044 non
583 1991 671 2045 deficit
681 1991 760 2049 ensis.

82 2078 106 2131 Ε
118 2087 205 2150 strage
216 2087 257 2133 est
268 2077 381 2144 ferrum,
394 2090 474 2150 atque
486 2079 580 2133 evulsa
591 2081 721 2134 cadavere
732 2081 795 2136 tela.

82 2165 203 2238 Raptum
215 2165 306 2221 Galba
316 2166 410 2236 procul
425 2167 610 2238 (nequeenim
621 2168 731 2239 virtutis
740 2187 860 2231 amorem
894 2223 898 2231 ,

83 2247 209 2310 Adversa
217 2256 350 2310 exemisse
361 2256 467 2323 valent)
479 2266 510 2308 ut
522 2257 589 2309 vidit
601 2258 634 2309 ab
647 2257 723 2311 hoste

83 2344 197 2398 Auferri
210 2344 325 2416 signum,
338 2345 467 2398 connisus
479 2361 591 2414 corpore
603 2355 661 2399 toto

82 2435 221 2489 Victorem
232 2433 389 2502 assequitur,
398 2433 526 2502 letalique
537 2445 650 2505 occupat
662 2435 727 2490 ictu.

84 2523 127 2576 Ac
139 2524 206 2577 dum
217 2539 402 2592 comprensam
412 2538 481 2576 caeso
492 2522 526 2575 de
537 2540 648 2593 corpore
660 2523 780 2594 praedam

85 2611 200 2677 Avellit,
212 2611 341 2681 tardeque
352 2627 446 2663 manus
456 2610 617 2664 moribunda
629 2612 750 2678 remittit,
776 2652 778 2657 ,

11 2681 16 2695 ’
85 2700 245 2754 Transfixus
257 2694 345 2770 gladio
357 2717 470 2771 propere
482 2700 645 2754 accurrentis
657 2701 774 2773 Amorgi

86 2788 199 2856 Occidit,
212 2787 367 2841 immoriens
378 2788 480 2859 magnis
492 2805 546 2842 non
558 2803 703 2858 prosperus
714 2789 795 2846 ausis.

86 2877 150 2931 Haec
161 2877 241 2940 inter,
253 2872 337 2927 veluti
348 2874 467 2928 nondum
479 2873 596 2928 satiasset
608 2875 685 2946 Enyo
840 2876 841 2880 ’

87 2964 143 3020 lras
155 2980 226 3020 saeva
240 2972 339 3033 truces,
352 2960 488 3021 sublatum
498 2961 611 3040 pulvere
621 2977 747 3037 campum
770 3006 776 3013 .
840 3006 842 3011 .
861 3001 864 3005 .
