2010 3450
140 279 175 331 34
354 275 444 318 erana
463 277 507 318 xt.
543 279 573 316 v.
589 278 735 329 ras-1741

141 382 319 450 Juratumque
331 381 391 435 viro
403 380 505 434 bellum
517 380 664 451 puerilibus
675 381 751 436 annis

143 470 334 525 Accumulant.
353 487 448 535 unum,
461 471 576 530 ducibus
588 481 629 524 tot
640 470 714 525 caede
724 469 866 543 peremtis,
947 539 950 544 .

143 558 201 611 Tot
212 558 278 613 fusis
289 560 353 624 acie,
366 570 434 613 stare
443 559 513 612 inter
523 559 619 628 proelia
632 558 713 613 nullis

143 645 286 700 Attactum
298 646 367 700 telis.
387 645 522 717 Superum
532 663 595 701 cum
607 647 811 703 muneredetur

144 735 215 788 Huic
227 736 325 790 sociare
334 735 396 790 viro
409 737 516 790 dextras
528 747 555 791 et
568 737 669 791 foedere
678 737 772 809 jungi;

145 823 238 876 Fastus
247 824 388 895 exsanguis
401 825 492 896 populi
503 842 657 897 vanumque
669 835 806 882 tumorem

144 910 280 965 Nimirum
291 914 384 983 Capua
395 926 421 967 et
433 915 598 968 dominatum
610 913 727 986 perferat
738 914 833 981 Urbis,

146 1001 204 1054 Ceu
217 1001 322 1056 famulis
334 1004 415 1059 fasces
428 1015 585 1075 aequataque
594 1004 658 1070 jura
672 1003 808 1076 negantis?

144 1089 256 1144 Prorsus
268 1093 338 1146 enim
349 1104 425 1148 tanto
436 1094 567 1165 potiorem
579 1095 685 1148 nomine
697 1093 852 1150 habendum

143 1178 303 1246 Varronem,
317 1192 346 1235 ut
358 1183 427 1254 fugit
439 1183 541 1236 Consul
553 1183 699 1254 fulgentior
708 1194 795 1236 ostro.

144 1265 225 1319 Talia
233 1268 361 1333 jactantes
368 1271 425 1337 jam
437 1270 532 1334 lectam
541 1282 612 1324 sorte
624 1270 754 1341 parabant

144 1354 267 1422 Mittere,
281 1377 344 1430 quae
355 1360 456 1430 Tyrios
467 1359 596 1430 adjungat
608 1358 720 1424 foedere,
733 1358 844 1430 pubem.

145 1446 197 1499 Sed
209 1465 262 1501 non
273 1447 403 1504 invictum
415 1450 531 1521 ponebat
543 1459 650 1520 pectore
663 1449 748 1507 robur

144 1535 220 1589 Tum
233 1536 321 1591 solum
332 1538 431 1592 Decius
443 1539 545 1610 Capuae
556 1539 647 1593 decus.
666 1537 740 1608 isque
750 1547 875 1609 receptus
900 1555 904 1562 ·

144 1623 177 1677 In
185 1625 292 1679 medios
302 1636 398 1692 coetus,
413 1643 498 1698 neque
510 1627 582 1682 enim
594 1628 701 1681 differre
711 1627 843 1694 dabatur5

144 1712 202 1777 Itis,
216 1713 262 1779 ait,
275 1714 346 1769 cives
359 1715 484 1771 violanda
495 1717 529 1769 ad
537 1718 601 1783 jura
614 1723 773 1787 parentum?

145 1804 362 1874 Damnatumque
373 1815 453 1877 caput
465 1804 586 1858 temerati
598 1804 705 1857 foederis
716 1803 769 1857 aris

144 1893 262 1964 Jungitis
273 1894 406 1965 hospitio?
426 1899 499 1972 Qae
510 1903 583 1947 tanta
594 1892 697 1947 oblivio
709 1891 792 1947 rectit

143 1981 275 2052 Magnam
286 1993 366 2053 atque
378 1983 405 2036 in
417 1982 520 2055 magnis
531 1982 645 2054 positum
656 1981 819 2052 populisque·
826 1981 944 2053 virisque

143 2063 297 2125 Adversam
308 2082 441 2126 ostentare
452 2072 545 2126 fidem!
566 2074 646 2128 Nunc
658 2081 764 2142 tempus
775 2070 844 2124 inire

144 2157 244 2213 Proelia
256 2179 305 2232 pro
315 2162 438 2229 Rutulis3
458 2179 529 2217 nunc
541 2162 617 2233 signa
627 2160 763 2228 aciemque
775 2176 896 2227 movere,

145 2249 221 2303 Dum
233 2251 345 2322 trepida
358 2267 409 2317 res,
422 2249 449 2304 et
461 2245 621 2305 medicinam
633 2250 748 2303 vulnera
758 2259 890 2321 poscunta

145 2339 173 2390 ls
185 2338 259 2392 locus
271 2339 366 2404 officio,
378 2357 442 2394 cum
453 2350 556 2394 cessant
567 2355 705 2410 prospera,
719 2351 837 2408 cumque
901 2374 904 2379 »
951 2338 952 2343 ’

145 2428 223 2482 Dura
233 2428 359 2497 ad-opem
371 2430 490 2482 Fortuna
501 2439 591 2483 vocat.
611 2445 674 2480 nam
686 2426 747 2479 laeta
759 2426 863 2492 fovere,

145 2515 360 2586 Haudquaquam
370 2517 459 2586 magni
467 2526 506 2568 est
513 2513 594 2568 animi
603 2515 769 2579 decusahuc,
778 2530 836 2586 age,
843 2513 947 2569 adeste.-

145 2602 216 2656 Novi
230 2602 281 2657 Dis
292 2603 393 2657 animas
405 2603 503 2658 similes
515 2614 542 2658 et
555 2614 663 2675 pectora
673 2603 777 2674 magnis

144 2693 407 2764 Nunquamangusta
413 2693 499 2747 malis:
509 2692 703 2764 capiunt(mihi
712 2691 826 2759 credite)
835 2691 949 2756 Cannas

146 2779 182 2832 Et
192 2781 359 2849 Trasymena
369 2780 447 2845 vada,
460 2790 488 2833 et
499 2780 587 2835 Paulli
599 2779 773 2834 memorabile
783 2778 879 2834 letum.
896 2830 897 2834 ,

146 2868 182 2922 Hi
195 2878 265 2932 sunt,
279 2868 325 2936 qui
336 2868 433 2922 vestris
443 2867 558 2922 infixum
571 2867 706 2921 moenibus
715 2866 821 2921 hostem

145 2956 273 3023 Dejecere
283 2973 375 3023 manu,
387 2967 414 3012 et
427 2957 549 3032 Capuam
560 2957 683 3029 eripuere
694 2955 819 3032 superbis
