2010 3450
58 215 144 297 Ιιᾰι
210 246 213 257 ·
301 228 463 271 tractas.
498 215 694 289 mets-714.

98 334 214 407 Spicula,
226 341 253 388 et
265 344 383 389 armatus
394 332 540 404 peragebat
550 331 622 385 bella
633 349 749 389 veneno.

97 425 220 487 Necnon,
234 420 387 491 cornipedis
398 430 475 490 tergo
486 419 521 472 de
533 436 608 474 more
620 406 755 492 repostus,

100 514 250 566 Sustentata
259 527 329 582 genu
340 526 390 580 per
401 526 527 578 campum
536 510 656 580 pondera
666 512 741 567 conti

101 597 237 652 Sarmatici
249 615 334 669 prona
346 597 472 651 adversos
484 599 598 669 urgebat
610 598 637 651 in
648 598 749 655 hostes.

101 687 176 740 Tum
186 702 292 757 quoque
305 684 465 739 transfixum
476 684 531 738 telo
544 702 592 755 per
603 687 734 753 membra,
747 702 893 759 perarma,

102 775 227 830 Consulis
235 785 296 828 ante
308 774 413 840 oculos,
425 791 523 846 magno
536 772 652 827 clamore
665 774 804 832 Sabellum

102 866 268 937 Asportabat
279 881 372 931 ovans,
384 874 412 918 et
421 881 506 918 ovans
518 866 670 919 Hammona
677 867 801 922 canebat.

101 957 164 1009 Non
176 954 238 1007 tulit
246 953 314 1007 hanc
326 952 394 1006 iram
406 962 545 1020 tantosque
556 952 584 1006 in
595 954 677 1024 corde
690 965 812 1010 turimres

102 1043 244 1097 Barbarico
255 1042 352 1108 senior,
364 1041 501 1110 telumque
513 1041 628 1107 intorsit,
641 1053 669 1097 et
681 1061 736 1098 uua

103 1134 225 1187 Praedam
236 1132 406 1202 animamque
418 1131 498 1185 simul
510 1131 607 1186 victori
619 1133 707 1187 victor
717 1132 829 1189 ademit.

102 1221 207 1288 Assilit‚
220 1221 311 1275 audito
323 1219 405 1274 tristis
415 1220 532 1274 clamore
544 1220 640 1285 ruinae,

102 1311 266 1376 Hasdrubal,
278 1319 306 1364 et
316 1319 477 1380 coeptantem
486 1309 612 1362 Arabum
620 1319 727 1380 raptare
733 1319 858 1381 peremto

103 1398 262 1452 Gemmiseri
275 1397 390 1468 spolium
400 1397 499 1462 cultus,
514 1414 633 1469 auroque
645 1397 763 1469 rigentes

102 1487 232 1553 Exuvias,
243 1486 364 1554 jaculum
374 1504 391 1540 a
402 1497 479 1558 tergo
491 1487 621 1557 perlibrat
632 1487 666 1540 ad
677 1503 748 1541 ossa.

101 1579 162 1646 Jam
172 1587 294 1645 correpta
306 1576 386 1630 miser
397 1575 509 1647 geminis
521 1575 655 1629 velamina
667 1575 765 1646 palmis

100 1665 235 1736 Carpebat
247 1681 370 1734 propere,
382 1674 410 1717 et
420 1663 523 1734 tepidos
535 1665 683 1718 nudaverat
695 1673 782 1718 artus.

103 1753 236 1819 Concidit,
249 1763 277 1805 et
289 1769 375 1807 sacrm
383 1762 472 1805 vestes
483 1762 564 1823 atque
575 1769 656 1806 aurea
666 1751 712 1805 fila
776 1767 779 1773 ’

101 1841 229 1895 Reddidit
241 1841 373 1911 exanimo,
388 1840 531 1911 spoliatum
543 1840 633 1911 lapsus
645 1841 671 1893 in
684 1840 801 1894 hostem.
862 1824 866 1831 ¹

100 1933 141 1984 At
152 1931 273 1985 Canthus
286 1931 430 1995 Rutulum,
445 1931 567 1984 Canthus
577 1947 714 2002 possessor
725 1947 828 1998 arente,

99 2024 162 2097 Qa
172 2018 277 2073 celebre
287 2017 379 2072 invicti
390 2035 488 2072 nomen
501 2035 613 2088 posuere
622 2019 745 2086 Philaeni,

102 2108 194 2162 Ditem
205 2107 299 2160 ovium
311 2105 448 2160 Rutulum
460 2107 614 2173 obtruncat,
627 2107 672 2162 cui
682 2108 758 2164 mille
771 2109 823 2166 sub
834 2107 889 2165 altis

100 2195 239 2266 lanigerae
250 2194 342 2248 balant
354 2193 475 2249 stabulis.
495 2197 567 2264 Ipse,
580 2195 634 2250 otia
645 2196 720 2251 molli

100 2281 236 2334 Exercens
246 2298 320 2344 cura,
334 2279 422 2352 gelido
435 2299 506 2335 nunc
519 2281 629 2337 flumine
641 2282 709 2337 soles

101 2369 252 2438 Frangebat
264 2367 359 2421 nimios
372 2368 472 2439 pecori,
485 2386 556 2423 nunc
569 2368 647 2424 laetus
659 2369 687 2423 in
699 2369 786 2426 herba

99 2456 243 2510 Tondebat
255 2455 341 2512 uiveae
352 2457 519 2527 splendentia
530 2457 631 2512 vellera
643 2458 723 2524 lanae,

100 2547 169 2609 Aut,
182 2563 263 2616 pecus
275 2563 290 2600 e
302 2555 379 2615 pastu
390 2564 453 2601 cum
466 2563 521 2600 sese
533 2547 568 2600 ad
580 2556 649 2601 tecta
660 2544 786 2614 referret,

99 2636 244 2690 Noscentes
256 2647 370 2691 matrem
382 2636 515 2707 spectabat
527 2634 646 2689 ovilibus
655 2651 751 2706 agnos.

99 2721 234 2776 Occubuit
246 2724 324 2795 clipei
337 2723 464 2776 transfixo
475 2721 598 2793 proditus
609 2738 671 2786 aere,

95 2808 131 2860 Et
144 2825 204 2863 sero
215 2811 344 2882 ingemuit
357 2811 466 2866 stabulis
478 2811 552 2864 exire
564 2809 692 2879 paternis.

94 2896 194 2951 Acrius
204 2898 255 2953 hoe
265 2899 366 2954 Italilm
377 2900 461 2970 pubes
473 2898 597 2965 incurrit,
610 2908 637 2953 et
649 2906 745 2969 urgete
