2010 3450
300 279 391 335 osana
409 277 492 318 nr.-
512 278 542 318 v.
553 267 706 331 ²3s-¹⁶4·‘
856 280 903 319 aar

97 386 154 440 Nec
166 382 376 437 minusocoosus
387 383 454 452 petit
466 381 556 447 incita,
569 400 652 452 quam
663 381 731 453 petit
742 391 828 437 ortus.

98 472 240 528 Nebrodes
251 469 350 543 gemini
363 471 449 524 nutrit
460 470 577 524 divortia
589 470 682 536 sontis,

100 565 164 636 Qo
176 575 256 612 mona
267 557 371 612 Sicania
381 574 436 610 non
449 558 533 628 surgit
546 558 626 612 ditior
635 559 750 613 umbrae.

100 648 181 702 Enoa
191 645 286 701 Dedin
298 645 365 700 lucis
376 661 463 700 sacras
474 646 548 700 dedit
559 647 643 700 ardua
654 648 773 702 dextras.

101 734 155 790 llic
166 751 272 806 specus,
289 733 424 804 ingentem
435 733 529 787 laxans
539 733 643 787 telluris
654 735 768 801 hiatum,

101 819 231 875 Caecum
224 830 277 873 rter
287 819 322 873 ad
333 836 424 873 manes
430 819 578 872 tenebroso
591 820 675 874 limite
688 823 792 893 pandit,

102 913 165 986 Qa
177 926 266 964 novus
276 909 380 979 ignotas
392 909 557 979 llyurenaeua
568 909 642 962 venit
653 909 680 963 in
689 927 759 964 oras.

101 1001 160 1053 llac
170 998 279 1069 Stygius
290 997 435 1065 quondam,
447 996 603 1050 stimulante
615 997 758 1069 Cupidine,
772 1008 861 1056 rector

102 1088 196 1141 Ausus
207 1084 281 1138 adire
292 1084 374 1148 diem,
386 1093 537 1152 moeatoque
549 1085 705 1139 Acheronte
717 1086 811 1141 relicto

103 1173 184 1246 Egit
177 1192 206 1228 tn
214 1172 320 1227 illicitas
331 1189 443 1227 cunum
453 1190 503 1243 per
513 1171 600 1226 inania
611 1183 706 1228 terras.

102 1262 180 1316 Tum
190 1271 269 1332 rapta
279 1277 399 1332 praeceps
408 1261 509 1313 Eonaea
521 1260 626 1332 virgine
640 1261 717 1315 flexit

104 1349 244 1403 Attonitos
255 1347 318 1402 coeli
329 1348 390 1402 visu
401 1349 681 1418 lucemquepaventes

90 1438 136 1491 'ln
149 1438 232 1508 Styga
244 1452 337 1489 rursus
347 1453 440 1507 equos,
453 1445 480 1489 et
492 1435 613 1507 praedam
624 1436 746 1490 condidit
753 1435 867 1494 umbris.

103 1523 243 1579 Romanos
255 1523 358 1577 Petraea
369 1522 459 1589 duces,
474 1523 596 1576 Romana
605 1523 701 1592 petivit

103 1612 218 1666 Foedera
230 1610 380 1680 Callipolis,
393 1610 558 1682 lapidosique
571 1611 696 1682 Enguion
709 1611 778 1676 arvi,

103 1699 272 1764 Hadranum,
285 1700 469 1770 Ergetumque
480 1698 570 1765 simul,
582 1700 688 1772 telaque
701 1700 816 1771 superba
899 1713 902 1718 ·

103 1786 237 1859 lanigera
246 1786 354 1852 Melite,
366 1796 394 1839 et
405 1785 468 1841 litus
479 1787 580 1858 piscosa
591 1787 713 1853 Calacte,

104 1879 228 1951 Qaeque
240 1874 389 1947 procelloso
400 1874 588 1946 Cephaloedias
598 1893 647 1930 ora
657 1876 795 1949 profundo

105 1963 236 2018 Caeruleis
248 1962 341 2018 horret
349 1963 452 2034 campis
463 1965 595 2035 pascentia
606 1974 675 2030 cete,

104 2051 141 2106 Et
152 2051 211 2123 qui,
222 2060 358 2121 correptas
370 2052 523 2106 sorbentem
535 2052 644 2108 verticis
654 2053 763 2120 haustu,

104 2141 198 2209 Atque
209 2140 309 2194 iterum
319 2155 334 2192 e
344 2139 430 2192 fundo
437 2139 603 2206 jnculantem
613 2141 647 2194 ad
660 2141 756 2206 sidera,
768 2157 883 2213 puppes,

104 2227 339 2283 Tauromenitana
350 2237 464 2282 cernunt
474 2228 508 2281 de
519 2228 581 2282 sede
593 2227 760 2297 Charybdin.

105 2322 172 2373 Haec
185 2318 294 2372 Latium
304 2334 399 2370 manus
413 2327 440 2371 et
453 2316 596 2372 Laurentia
608 2317 684 2387 signa
694 2314 814 2370 fovebat.

106 2406 205 2460 Cetera
215 2405 321 2460 Elisaeis
333 2404 425 2459 aderat
435 2421 500 2475 gens
512 2403 605 2457 Sicana
616 2401 696 2456 votis.

51 2502 55 2509 “
105 2493 187 2548 Mille
199 2493 360 2564 Agathyrna
371 2492 454 2558 dedit,
469 2492 611 2562 perflataq3
624 2489 754 2560 Trogilos
766 2489 885 2558 Austris,

105 2581 186 2636 Mille
193 2571 345 2636 Thoanteae
358 2581 432 2634 sedes
444 2578 567 2634 Facelina
576 2579 682 2632 Dianae.

105 2671 272 2743 Tergemino
281 2669 355 2723 venit
368 2686 480 2722 numero
493 2669 607 2722 secunda
620 2668 785 2734 Panormos,

107 2758 158 2812 Seu
170 2758 247 2812 silvis
258 2767 357 2812 sectere
370 2757 448 2822 feras,
463 2775 509 2811 seu
520 2757 622 2812 retibus
635 2773 726 2825 aequor

106 2846 232 2912 verrere,
243 2863 290 2900 seu
300 2845 370 2900 coelo
381 2846 464 2899 libeat
475 2844 587 2899 traxisse
597 2842 746 2897 volucrem.

108 2933 167 2989 Non
181 2933 330 2989 Herbessos
340 2932 420 3002 iners,
433 2951 488 2990 non
500 2931 639 2989 Naulocha
649 2931 728 3006 pigra
736 2930 829 3006 pericli
