2010 3450
151 264 186 316 94
332 257 422 317 urana
441 256 511 297 1111.
547 258 576 294 v.
588 248 737 310 385-414.

151 367 231 418 Forte
244 362 391 417 Dicarchea
398 361 506 428 juvenis
517 361 585 414 dum
597 361 665 415 sedit
676 361 705 416 in
716 363 787 417 urbe
884 433 891 438 ..

150 452 248 523 Scipio,
262 462 322 521 post
333 451 397 504 belli
411 460 532 521 repetens
544 461 665 505 extrema
675 463 796 521 penates,
950 490 953 497 -

150 543 212 594 Huc
224 539 305 593 tristis
317 539 438 592 lacrimas
446 548 472 590 et
484 537 579 591 funera
590 538 686 593 acerba
697 556 812 605 suorum

151 633 233 683 Fama
244 629 316 682 tulit.
337 627 421 682 Duris
433 644 587 696 quanquam
599 644 654 680 non
667 628 760 681 cedere
773 639 873 697 suetus,

151 718 258 772 Pulsato
270 712 368 770 lacerat
379 714 509 767 violenter
520 723 627 784 pectore
639 714 761 768 amictus.

151 811 212 862 Non
224 805 333 861 comites
345 803 459 857 tenuisse
470 802 573 868 valent,
584 819 638 856 non
649 803 722 856 ullus
732 803 873 861 honorum
938 823 943 830 ’

150 894 293 948 Militiaeve
305 893 402 964 pudor.
421 892 505 964 pietas
516 892 583 946 irata
597 892 707 947 sinistris

151 982 286 1037 Coelicolis
299 981 374 1046 furit,
387 990 468 1051 atque
479 979 536 1033 odit
548 971 641 1033 solatia
653 980 752 1035 luctus.

148 1075 262 1141 Jamque
274 1071 338 1135 dies,
352 1069 503 1140 iterumque
515 1068 570 1122 dies
582 1070 704 1123 absumta
716 1071 841 1139 querelis.

150 1160 279 1211 Versatur
290 1156 388 1227 species
400 1166 461 1209 ante
472 1173 519 1208 ora
531 1155 677 1228 oculosque
689 1168 842 1228 parentum.

149 1247 222 1316 Ergo
233 1245 321 1298 excire
332 1254 408 1315 parat
417 1260 507 1297 manes
517 1244 669 1313 animasque
681 1262 804 1312 suorum,

149 1332 334 1405 Alloquioque
345 1332 436 1406 virllrn
448 1341 535 1386 tantos
546 1332 663 1387 mulcere
675 1334 793 1388 dolores.

149 1420 280 1472 Hortatur
291 1418 379 1473 vicina
390 1419 476 1488 palus,
489 1421 535 1475 ubi
547 1421 633 1492 signat
646 1424 752 1477 Averni

150 1507 319 1574 squalentem
329 1507 469 1562 introitum
481 1519 605 1586 stagnans
616 1511 783 1566 Acherusius
794 1512 905 1571 humor.
947 1558 950 1563 .

148 1597 263 1650 Noscere
275 1606 403 1650 venturos
413 1596 495 1666 agitat
507 1614 581 1650 mens
594 1598 716 1668 protinus
727 1616 823 1654 anuos.

149 1685 191 1739 Sic
203 1686 236 1738 ad
248 1685 395 1752 Cumaeam,
409 1697 538 1755 quaerum
551 1690 601 1742 sub
613 1689 720 1742 nomine
733 1689 832 1745 Pnoebi

148 1776 277 1828 Autonoe
287 1775 405 1846 tripodas
417 1791 503 1828 sacros
514 1785 674 1845 antrumque
686 1778 804 1844 tenebat,

148 1865 212 1916 Fert
223 1881 328 1934 gressus
336 1863 454 1930 juvenis,
463 1863 637 1934 consultaque
648 1865 763 1935 pectoris
773 1868 839 1938 agri

148 1952 254 2018 Pandit,
267 1939 293 2006 et
304 1963 424 2024 aspectus
436 1961 495 2005 orat
506 1953 661 2022 contingere
672 1963 791 2023 patrum.

148 2043 206 2094 Nec
216 2053 340 2095 cunctata
350 2042 397 2095 diu
408 2051 491 2105 vates,
504 2042 626 2095 Mactare
639 2044 751 2112 repostis

147 2129 213 2181 Mos
221 2128 334 2194 umbris,
347 2128 441 2197 inquit,
454 2140 579 2182 consueta
593 2129 697 2200 piacula
708 2131 797 2203 nigras

148 2217 203 2270 sub
216 2216 302 2269 lucem
314 2218 437 2287 pecudes,
448 2216 610 2287 reclusaeque
621 2218 718 2271 abdere
730 2229 811 2274 terrae

146 2308 305 2360 Manantem
313 2306 415 2378 jugulis
427 2306 574 2376 spirantum
584 2307 656 2360 caede
667 2323 802 2363 cruorem.

146 2398 228 2450 Tune
241 2395 354 2467 populos
365 2394 414 2447 tibi
426 2410 508 2464 regna
520 2409 581 2445 suos
591 2393 719 2463 pallentia
730 2395 848 2450 mittent.

147 2484 254 2548 Cetera,
266 2500 325 2551 quae
339 2481 432 2553 poscis,
445 2482 540 2547 majori
551 2491 612 2533 vate
624 2492 763 2536 canentur.

146 2571 269 2641 Namque
280 2569 329 2622 tibi
341 2569 432 2639 Elysio
444 2569 555 2639 repetita
566 2569 674 2623 oracula
684 2587 780 2639 campo

145 2658 268 2723 Eliciam,
280 2659 430 2728 veterisque
442 2658 511 2710 dabo
523 2657 593 2710 inter
605 2675 679 2712 sacra
687 2659 797 2729 Sibylla

147 2746 264 2798 Cernere
276 2745 411 2799 fatidicam
423 2746 534 2799 Phoebei
544 2748 660 2816 pectoris
671 2748 806 2802 umbram.

145 2832 230 2896 Vade,
243 2849 300 2902 age,
312 2843 349 2897 et,
361 2850 376 2883 a
387 2832 474 2885 medio
484 2849 548 2886 cum
560 2850 587 2886 se
599 2850 653 2886 uox
665 2834 777 2890 humida
786 2852 871 2892 cursu

146 2919 273 2986 Flexerit,
284 2921 319 2974 ad
331 2919 420 2974 fauces
430 2921 510 2986 vicini
523 2931 611 2976 castus
622 2923 743 2990 Averni,
806 2978 809 2984 ,
