2010 3450
81 275 120 328 ’ω
285 283 381 326 *sinen
400 284 457 323 xri.
493 285 523 323 v.
535 269 683 336 445-474'.

95 396 198 463 Atque,
212 393 304 446 recens
314 389 375 444 caesl
387 400 463 460 tergo
477 386 599 460 prolapsa
607 385 729 455 juvenci,

93 468 259 547 AEquoream
272 489 331 532 rota
341 477 455 531 ducebat
467 492 517 547 per
527 476 649 546 gramina
661 476 784 547 puppim,

94 568 131 620 Et
140 569 206 633 jam,
221 585 269 638 per
280 567 362 620 colles
373 566 521 633 dumosque
533 565 567 618 ad
579 565 643 618 litus
655 563 757 630 adacta,

88 637 209 707 'innabat
222 655 315 725 pelago
327 653 438 706 veniens
451 652 507 706 sine
519 653 620 724 remige
631 652 733 719 classis.
802 690 814 710 ,

95 741 214 796 Nuntius
225 729 421 794 interea'vectis
433 757 487 792 non
500 756 575 793 more
587 740 684 793 carinis

97 831 258 883 Terrentern
270 830 338 882 freta
349 816 476 882 curarum
489 829 640 883 fervoribus
654 829 759 900 implet.

98 919 172 970 Dum
185 917 278 987 procul
290 917 416 972 OEbalios
427 927 498 971 amet
509 934 665 988 expugnare
676 930 795 990 nepotes,
875 904 880 913 ’

98 1006 134 1058 Et
147 1007 249 1073 primus
261 1006 353 1084 rostris
365 1005 449 1058 sulcet
462 1005 602 1060 navalibus
614 1023 689 1072 arva,

98 1096 224 1146 Assessos
237 1093 338 1164 Capuae
350 1111 450 1159 muros,
464 1095 582 1148 claustra
593 1095 649 1167 ipsa
661 1095 756 1150 revelli

99 1183 251 1247 Portarum,
265 1200 296 1236 ac
308 1193 396 1237 totum
408 1184 509 1238 miseris
522 1185 659 1239 incurrere
671 1184 786 1240 bellum.
865 1192 867 1197 '

100 1270 209 1339 Linquit
221 1281 309 1341 coepta
323 1271 409 1336 ferox,
424 1289 577 1344 pennasque
588 1273 701 1327 addente
711 1275 819 1345 pudore

100 1361 193 1430 Atque
205 1359 246 1412 ira
256 1344 345 1422 simul,
359 1359 468 1412 immani
481 1376 530 1430 per
542 1360 664 1430 proxima
674 1371 752 1416 motu
815 1361 817 1366 ’

98 1447 208 1512 Evolat,
221 1459 248 1500 et
260 1446 384 1500 minitans
394 1447 473 1500 avida
484 1448 518 1500 ad
529 1449 674 1502 certamina
686 1449 784 1503 fertur.

99 1535 180 1588 Haud
192 1551 274 1599 secus,
288 1534 384 1588 amisso
395 1534 471 1605 tigris
483 1535 504 1586 si
515 1537 618 1589 concita
630 1536 687 1589 fetu
855 1519 858 1524 ¹

100 1623 214 1688 Emicet,
227 1623 348 1677 attonitae
360 1623 449 1694 paucis
461 1622 591 1677 lustratur
602 1623 630 1677 in
642 1623 716 1678 horis
771 1628 774 1632 ’

101 1713 245 1778 Caucasus,
256 1712 365 1765 etsaltu
378 1711 537 1765 tramittitur
548 1712 610 1764 alite
624 1714 748 1783 Ganges;

101 1801 194 1854 Donec
207 1798 336 1853 fulmineo
347 1808 440 1870 partus
450 1798 561 1869 vestigia
572 1815 653 1851 cursu

101 1887 227 1958 Colligat,
240 1899 267 1941 et
278 1888 380 1942 rabiem
391 1904 488 1957 prenso
498 1892 637 1941 consumat
648 1888 676 1941 in
688 1888 775 1941 hoste.
860 1894 864 1899 '
894 1875 897 1879 ¹

99 1977 204 2031 Obvius
216 1976 279 2032 huic
292 1995 385 2048 sparso
396 1977 543 2032 Centenius
554 1978 659 2050 agmine
671 1979 771 2049 raptim
866 2001 869 2008 ·

99 2064 243 2131 Funditur,
256 2065 370 2118 audendi
381 2081 491 2136 pravus,
505 2065 643 2137 facilisque
655 2066 773 2137 periclis.

79 2142 82 2152 ⁴
100 2156 152 2208 Sed
161 2173 279 2226 parvum
290 2157 371 2211 decus
383 2156 537 2210 Hannibali.
557 2174 630 2222 nam,
642 2156 705 2210 vitis
717 2156 822 2210 honore
896 2178 899 2183 ’

99 2243 259 2298 Perfunctus
273 2244 365 2310 Latiae,
378 2244 467 2297 subito
480 2243 631 2298 stimulalrat
643 2254 769 2316 agrestes,

30 2397 35 2404 Ι
100 2334 317 2403 semermemque
328 2351 438 2388 manum
450 2334 622 2387 sternendam
633 2332 768 2398 objecerat
780 2332 860 2386 hosti.

100 2423 145 2475 Bis
158 2433 258 2492 septem
266 2421 383 2474 demissa
395 2421 462 2489 neci,
476 2438 525 2475 nec
537 2421 656 2475 substitit
667 2437 774 2492 agmen,

100 2508 207 2563 Millia:
222 2508 264 2562 bis
277 2512 387 2578 septem,
401 2527 463 2579 quae
475 2526 528 2561 non
541 2507 676 2562 sollertior
688 2522 760 2573 ense,

97 2597 150 2650 Sed
161 2595 375 2668 genuslinsignis,
386 2596 466 2663 justis
477 2596 592 2650 ducebat
600 2595 631 2652 ,in
643 2595 724 2648 armis

100 2684 222 2750 Fulvius,
235 2695 274 2738 ast
285 2701 362 2755 aeque
374 2701 423 2754 per
433 2701 548 2756 corpora
561 2683 621 2736 fusa
630 2683 771 2748 jacentum

102 2773 223 2844 Raptum
235 2772 286 2825 iter
294 2782 343 2837 est,
356 2772 496 2840 victorque
509 2788 613 2825 moram
625 2787 679 2823 non
692 2786 785 2840 passus
798 2767 888 2824 eundi.

101 2860 244 2931 Exsequias
257 2870 364 2913 tantum
375 2860 474 2914 famam
486 2874 637 2929 nomenque
649 2860 789 2912 volentem

99 2947 223 3004 Mitificae
234 2936 329 3003 mentis
338 2959 487 3004 tenuerunt
500 2947 595 3003 funere
608 2947 713 3001 laetos*
749 2972 753 2978 ·
831 2970 834 2975 ·
