2010 3450
330 425 497 498 LIBER
531 425 668 497 XIII.

438 693 466 728 v.
483 694 577 741 1-24.

105 814 218 914 Sueten
230 857 283 910 iter
294 872 401 910 emenso
411 854 525 908 vixdum
537 857 655 927 Tarpeja
662 857 747 912 videri

102 951 227 1006 Culmina
239 948 385 1012 desierant3
405 957 498 1000 torvos
510 963 572 1001 cum
582 964 675 1001 versus
687 948 720 1001 ad
733 949 835 1003 Urbem

102 1041 207 1094 Ductor
220 1039 381 1108 Agenoreus
392 1035 494 1100 vultus,
508 1051 626 1089 remeare
637 1037 756 1106 parabat.

102 1128 196 1182 Castra
207 1125 289 1190 locat,
303 1124 376 1178 nulla
388 1123 486 1177 laedena
499 1124 545 1176 ubi
556 1124 676 1194 gramina
687 1125 745 1196 ripa

101 1217 185 1272 Tutia
195 1214 307 1269 deducit
319 1224 426 1266 tenuem
438 1212 492 1266 sine
504 1213 611 1265 nomine
622 1211 720 1279 rivum,

99 1303 137 1357 Et
147 1301 230 1355 tacite·
238 1300 338 1355 Tuscis
350 1298 478 1370 inglorius
490 1299 573 1352 affluit
582 1299 669 1353 undis.

99 1389 153 1445 liic
164 1389 247 1444 modo
259 1389 390 1460 primores
403 1386 513 1452 socilim,
526 1388 606 1440 modo
614 1389 687 1454 jussa
698 1388 829 1454 Deorum,

99 1481 179 1534 Nunc
191 1495 248 1532 sese
258 1476 410 1548 increpitat.
431 1476 482 1529 Dic
494 1493 520 1542 o,
533 1477 578 1530 cui
590 1477 673 1547 Lydia
683 1477 755 1530 caede

100 1567 253 1620 creverunt
266 1557 366 1636 stagna,
380 1579 407 1617 er
417 1581 544 1619 concussa
553 1576 593 1618 est
605 1565 712 1619 Daunia
720 1564 801 1618 tellus

99 1655 252 1709 Armorum
262 1653 375 1718 tonitru,
388 1671 455 1724 quas
466 1655 632 1709 exanimatus
643 1658 670 1708 in
682 1672 742 1708 oras

100 1742 179 1812 Signa
191 1739 293 1794 referet
310 1740 356 1809 qui
369 1757 462 1794 mucro
474 1751 561 1807 tuum,
576 1760 637 1813 quae
649 1743 740 1796 lancea
751 1730 860 1798 tandem

99 1828 216 1883 Intravit
229 1836 339 1898 pectus?
357 1827 383 1880 si
395 1845 466 1882 nunc
477 1831 615 1884 exsisteret
627 1830 696 1885 alma

90 1917 242 1987 'Karthago
253 1925 315 1968 ente
327 1915 429 1980 oculos,
439 1917 536 1969 turrita
545 1917 615 1971 celsa
625 1916 721 1988 figura,

100 2009 176 2084 Qas
186 2004 287 2069 abitus,
300 2003 386 2068 miles,
398 2020 512 2069 caussas,
523 1998 614 2069 illaese,
627 2005 757 2058 dedisses?

99 2093 214 2155 Imbres,
228 2108 245 2144 ο
257 2089 352 2161 patria,
365 2101 392 2144 et
403 2091 501 2144 mixtos
509 2109 575 2151 ,cum
585 2091 714 2162 grandine
725 2089 831 2146 nimbos

98 2178 135 2232 Et
146 2177 264 2232 tonitrus
277 2176 362 2249 fugio.
382 2177 480 2231 Procul
491 2178 558 2231 hanc
568 2177 693 2249 expellite
704 2178 789 2249 gentis

99 2264 253 2318 Femineam
265 2263 360 2334 Tyriae
370 2263 469 2330 labem,
482 2265 531 2318 nisi
543 2265 602 2319 luce
613 2282 705 2320 serena

97 2353 207 2408 Nescire
218 2368 249 2404 ac
260 2350 362 2421 liquida
373 2353 530 2406 Mauortem
541 2353 640 2423 agitare
653 2355 701 2407 sub
712 2353 806 2407 aethra.

97 2441 203 2494 Terror
213 2439 303 2493 adhuc
315 2441 399 2494 inerat
408 2439 550 2511 Superum,
562 2458 593 2494 ac
605 2441 751 2495 redolentia
761 2442 788 2496 in
799 2443 878 2496 armis

98 2528 232 2593 Fulmina,
245 2537 273 2580 et
285 2537 346 2581 ante
355 2527 448 2582 oculos
459 2528 519 2581 irati
531 2545 622 2599 pugna
632 2529 773 2588 Tonantis.

99 2613 213 2669 Parendi
223 2625 325 2680 tamen,
339 2624 365 2668 et
376 2615 525 2686 cuicunque
536 2614 689 2669 incumbere
696 2616 772 2681 jusso

99 2702 222 2758 Durabat
234 2703 325 2774 vigor,
338 2720 378 2768 ac,
391 2703 487 2757 sensim
497 2703 610 2757 diffusus
619 2702 654 2755 ad
664 2718 754 2769 aurea*
796 2724 800 2745 r
837 2722 842 2729 ·

100 2788 177 2860 Signa
189 2788 346 2862 reportandi
356 2790 490 2844 crescebat
500 2789 528 2843 in
539 2789 643 2861 agmine
654 2787 755 2844 fervor.
822 2814 830 2839 ν.

100 2875 148 2941 Sic,
161 2878 208 2931 ubi
221 2876 346 2950 perrupit
355 2886 522 2952 stagnantem
533 2876 650 2934 calculus
661 2876 770 2944 undam,
826 2925 828 2931 .

135 2981 207 3022 vot.
224 2983 262 3023 11.
490 2983 510 3023 u
