2010 3450
90 259 96 272 ·
124 255 159 312 8'4
308 259 398 300 utera
418 257 488 298 xm.
523 249 711 310 νηῦς-ιαμ·-

124 366 161 418 Et
172 381 245 419 sacer
254 364 390 419 humectat
403 360 522 417 lluvialia
533 378 597 415 rura
608 362 739 434 Capenas.

125 455 207 506 Fama
216 463 265 518 est,
280 452 390 506 intactas
402 449 519 522 longaevi
530 450 564 504 ab
575 449 677 521 origine
688 448 744 503 fani

126 539 257 605 Crevisse,
270 540 298 594 in
310 540 428 595 medium
439 538 570 609 congestis
582 539 699 607 undique
710 535 799 603 donis,

125 629 290 682 Immensum
301 644 350 698 per
361 637 467 698 tempus
477 641 550 695 opes,
564 624 708 696 lustrisque
719 624 845 679 relictum

125 716 277 771 Innumeris
287 719 395 781 aurum,
407 713 464 766 solo
477 724 600 767 servante
611 705 722 783 pavore.

126 806 183 858 Hac
195 805 284 861 avidus
296 813 397 858 mentes
408 814 435 857 et
447 804 560 856 barbam
571 804 652 858 corda
664 803 757 876 rapina

126 890 236 956 Polluit,
249 902 328 962 atque
340 900 425 945 armat
437 900 574 944 contemtu
585 901 693 962 pectora
703 889 819 945 Divssm.

126 978 200 1032 Avia
211 991 276 1034 tunc
287 979 435 1050 longinqua
446 978 561 1049 placent,
574 996 635 1046 quae
645 979 730 1033 sulcat
742 990 834 1034 aratro
892 979 896 989 ’

127 1068 174 1121 nd
186 1066 254 1121 freta
265 1067 393 1138 porrectis
405 1065 546 1120 Trinacria
559 1066 680 1123 Bruttius
691 1067 773 1120 arvis.

126 1154 203 1208 Dum
215 1155 297 1225 Libys
307 1154 378 1208 haud
390 1153 468 1207 laetus
480 1153 602 1224 Rhegina
613 1155 647 1208 ad
657 1154 735 1207 litora
746 1152 844 1222 tendit,

127 1243 230 1308 Victor,
244 1244 369 1296 submoto
381 1241 471 1314 patriis
484 1259 500 1295 a
511 1241 608 1295 finibus
619 1243 705 1307 hoste,

127 1330 239 1387 Fulvius
250 1331 393 1385 infaustam
406 1332 543 1402 Campana
552 1332 587 1385 ad
599 1333 697 1386 moenia
710 1331 807 1386 clausis

126 1417 374 1483 Portabatfamam,
388 1419 542 1488 miserisque
553 1429 673 1474 extrema
683 1421 822 1475 movebat.
862 1425 865 1429 ’

126 1508 201 1560 Tum
214 1524 339 1577 prensans
352 1507 456 1578 passim,
469 1508 619 1578 cuicunque
630 1519 671 1562 est
682 1525 779 1562 nomen
788 1508 817 1563 in
826 1510 921 1578 armis,

127 1593 252 1648 Dedecus
263 1595 314 1649 hoc
325 1594 439 1648 defende
450 1612 547 1648 manu:
565 1613 614 1649 cur
626 1595 736 1666 perlida,
749 1607 776 1649 et
789 1598 851 1665 urbi

127 1681 225 1736 Altera
238 1683 376 1755 Karthago
388 1693 497 1748 nostrae,
510 1693 570 1751 post
582 1682 685 1738 foedera
695 1693 786 1753 rupta,

127 1771 164 1825 Et
175 1770 284 1825 missum
295 1772 329 1825 ad
342 1782 431 1844 portas
442 1772 566 1836 Poenum,
580 1782 640 1842 post
649 1772 712 1838 jura
722 1772 807 1844 petita

128 1858 252 1913 Consulis
260 1859 364 1925 alterni,
379 1869 429 1914 stat
441 1860 544 1913 adhuc?
564 1870 591 1913 et
603 1860 722 1914 turribus
733 1860 793 1914 altis

127 1945 304 2000 Hannibalem
315 1965 345 2002 ac
358 1947 469 2017 Libycas
479 1939 616 2017 enspectat
627 1947 699 2002 lenta
709 1947 852 2004 cohorreat

128 2037 260 2093 Miscebat
271 2039 348 2094 dictis
360 2041 439 2106 lacta,
453 2050 479 2092 et
492 2056 563 2093 nunc
575 2040 673 2094 robore
683 2039 765 2094 celsas

127 2126 214 2183 Educi
226 2138 323 2192 turres,
336 2127 396 2196 quis
408 2128 526 2182 vinceret
535 2128 620 2182 ardua
629 2129 711 2195 muri,

128 2213 258 2284 Cogebat,
272 2231 343 2268 nunc
353 2216 507 2281 conjunctas
518 2217 664 2288 astringere
677 2217 752 2272 nodis
878 2280 882 2289 Ι

127 2302 246 2354 Instabat
257 2301 382 2372 ferroque
394 2303 492 2370 trabes,
506 2320 560 2374 quo
572 2303 707 2376 frangeret
718 2305 786 2360 altos

127 2389 269 2444 Portarum
280 2400 376 2462 postes,
391 2400 564 2462 quateretque
574 2393 705 2446 morantia
715 2393 843 2449 claustra.

127 2476 181 2531 Hic
192 2478 274 2532 latera
283 2478 400 2532 intextus
412 2478 522 2533 stellatis
533 2479 629 2533 axibus
637 2498 727 2551 agger,

126 2562 180 2618 Hic
191 2565 301 2636 gravida
308 2578 410 2620 armato
422 2567 547 2637 surgebat
559 2566 636 2620 vinea
647 2568 737 2621 dorso.

125 2654 166 2705 At
178 2662 316 2721 postquam
327 2665 469 2724 properata
479 2654 550 2724 satis,
563 2671 625 2725 quae
633 2665 785 2710 commonet
795 2671 871 2723 usuc,

126 2741 181 2794 Dat
192 2739 311 2810 signum,
320 2751 398 2810 atque
410 2741 498 2797 alacer
508 2741 584 2796 scalis
596 2744 783 2798 transcendere
791 2761 886 2801 mutos

126 2829 253 2898 Imperat,
265 2845 296 2882 ac
308 2829 385 2882 saevis
397 2830 492 2885 urbem
503 2829 651 2884 terroribus
662 2831 773 2902 implet;

125 2913 196 2969 Cum
205 2913 297 2982 subito
303 2914 430 2973 dextrum
440 2915 542 2972 offulsit
552 2905 692 2973 conatibus
703 2935 801 2975 omen..
