2010 3450
463 265 570 306 How.
869 275 918 324 243

142 392 185 442 ῃ.
207 371 324 443 Bellicus]
347 371 389 423 Ita
409 369 581 425 Colon—C.
607 371 681 426 Tell.
707 372 916 429 Beluae-Aliis

106 461 227 534 Belgicus·
260 461 325 512 Haec
338 457 432 511 Lefeb.
445 467 472 510 et
489 458 554 528 legit
562 456 665 512 Belicus.
696 459 795 514 Mones
805 461 915 531 insuper

104 549 209 603 Belicam
221 565 267 602 sen
274 548 374 599 Bellium
387 547 484 600 urbem
496 546 577 600 fuisse
583 547 791 616 antiquissimam
801 550 828 603 in
841 550 909 604 Gal·

103 639 150 692 lia.
171 638 258 691 Canes
266 637 358 690 Gallici
366 635 401 688 ab
413 634 536 705 Oppiano
549 636 706 702 memorati;
719 637 767 708 qui
779 636 817 689 nil
829 637 909 690 hebet

65 713 67 719 ’
104 728 138 781 se
150 726 264 799 Belgicis.
287 725 337 777 nisi
349 724 460 795 regnas
471 723 545 793 quasi
559 725 677 796 Anguis
687 725 806 795 accipias.

139 834 168 868 rr
173 834 198 881 3.
213 814 300 867 Abest
313 812 355 866 hic
368 828 461 865 versus
472 829 488 865 a
500 812 606 882 scriptis
615 825 643 865 er
654 812 796 884 impressis.
828 813 908 868 Delet

103 903 198 959 Lefeb.
213 920 264 974 pro
282 921 334 975 qua
352 901 380 953 in
399 900 474 954 initio
494 901 628 972 sequentis
644 903 761 957 scribens
780 924 818 968 en,
837 921 906 974 quo·

102 993 174 1046 niam
191 992 219 1044 in
236 990 324 1044 Cndd.
339 1000 362 1044 el
373 989 524 1044 exhibetur.
546 999 611 1044 tunc
623 1007 672 1060 pro
688 994 780 1062 raptim
798 1003 906 1047 revocat

101 1080 297 1135 elibrislasra.
832 1137 834 1140 y

139 1189 198 1236 125·
214 1169 302 1240 libyca
315 1170 412 1242 seram]
435 1168 477 1222 Sic
501 1169 625 1223 Heinsius
647 1180 674 1221 et
698 1169 907 1228 Lefeburius-

103 1260 190 1312 Drak.
205 1258 383 1329 libycamseta
400 1275 414 1310 e
434 1255 495 1309 Col.
517 1258 578 1309 Put.
600 1267 626 1308 et
644 1257 697 1309 Ox.
730 1259 762 1309 ln
783 1257 906 1313 Romans

102 1346 221 1418 principe
233 1355 261 1399 et
279 1344 356 1397 Med.
376 1343 486 1414 Ιέόμαπι
498 1362 572 1396 saeua.
605 1341 732 1414 Scaliger,
746 1343 833 1416 libyca
843 1346 907 1416 fera

101 1439 186 1491 tellure
200 1439 285 1489 leoenoe.
828 1467 834 1491 ι

138 1531 197 1588 1⁸².-
217 1522 465 1595 coxaque-utrique]
485 1521 527 1575 Sic
538 1519 661 1576 Heinsius
673 1538 688 1574 e
700 1520 818 1593 vestigiis
833 1522 904 1576 eod.

85 1611 163 1682 Ι(ἷοὶ.
180 1611 206 1664 in
220 1628 274 1681 quo
286 1611 389 1682 utrique.
421 1612 478 1664 Nec
489 1620 593 1664 recusat
606 1608 701 1664 Iefeb.
734 1611 817 1682 Vulg.
831 1629 903 1666 coxa-

100 1711 291 1774 que-utraque.
472 1767 475 1773 Ι

137 1807 196 1857 193·
217 1788 283 1841 viros
294 1785 406 1857 legimus
417 1803 480 1841 cum
491 1785 610 1841 Heinsio.
644 1789 746 1862 Scripta
757 1788 836 1844 lectio
852 1791 907 1844 vire

75 1920 78 1930 .
102 1873 247 1928 Lefeburio
260 1873 355 1943 placet.

136 1978 197 2025 244.
212 1959 345 2029 impatiens,
356 1977 409 2012 non
419 1961 524 2030 patiens,
533 1970 559 2013 et
561 1961 744 2031 fremebundus,
753 1980 807 2016 non
819 1975 902 2016 trene-

99 2047 193 2102 bundus
204 2046 375 2101 scribendum
385 2048 463 2101 docet
475 2047 609 2113 Heinsius,
624 2048 686 2101 licet
699 2049 726 2102 in
738 2049 904 2102 contrarium

99 2147 161 2192 eant
174 2146 279 2190 veteres
290 2138 462 2190 membranae.
495 2136 601 2189 Pronus
615 2153 691 2190 error
708 2138 825 2191 librariis
841 2155 901 2191 mu·

98 2236 156 2279 tare
159 2227 190 2295 s
196 2225 223 2278 in
236 2238 247 2278 r
264 2224 333 2278 inter
345 2224 534 2278 festinandum.
563 2226 649 2290 Tum,
665 2226 709 2277 reli
722 2228 817 2295 parim
830 2229 902 2294 (rno-

99 2325 181 2368 nente
197 2313 307 2380 Lefeb.)
329 2312 430 2367 sactum
447 2316 518 2367 areli
531 2315 646 2384 ipatz'ens,
664 2324 718 2366 eta
735 2314 844 2368 librario
867 2325 903 2367 re·

97 2407 210 2475 liparims
223 2403 291 2458 male
302 2405 432 2476 scripturn
444 2422 498 2458 una
510 2419 586 2468 voce,
599 2402 661 2456 dein
672 2402 790 2467 divisim,
804 2405 848 2456 reli
853 2412 902 2472 pa·

97 2496 168 2548 runs.

134 2585 194 2648 267.
210 2582 298 2654 AErole]
309 2581 350 2636 Sic
359 2580 474 2636 feliciter
480 2580 572 2633 Heins.
582 2578 673 2645 judice
687 2575 903 2648 Lefeb.—Vulg.

97 2681 121 2723 el
132 2671 186 2723 loti.
202 2669 436 2740 frigide-Oxou.
452 2683 474 2721 er
486 2681 567 2721 rorum.

134 2765 194 2829 298.
220 2758 327 2810 Vetusti
349 2758 453 2813 codices
475 2757 568 2810 teribus.
604 2753 781 2809 scribendum
804 2754 900 2814 niniln-

98 2847 187 2900 minus
205 2845 313 2899 niellus.
332 2847 406 2916 quod
423 2847 525 2917 primus
548 2845 675 2898 monebat
695 2843 788 2898 Heins.
835 2846 903 2899 Pro·

96 2935 162 2988 bant
176 2933 263 2986 Drak.
278 2945 305 2987 et
318 2934 413 2988 Leseb.
445 2935 532 2991 Error
543 2942 635 2989 autern
651 2932 693 2986 hic
707 2935 787 3002 (teste
800 2934 902 3002 Drak.)
