2010 3450
113 292 150 342 td·
316 281 471 338 brianus
493 288 522 336 v.
536 285 690 349 sss-³4¹4:
753 306 756 312 ·

111 407 230 460 Munera
241 401 362 457 destituis
374 401 437 466 fato,
450 400 614 471 patriamque
625 391 754 453 morarisi
817 392 821 400 ’

111 492 224 544 Mecum
235 488 351 542 exsultet
362 503 456 556 eques:
466 488 531 552 juro
542 486 594 540 hoc
606 496 696 557 caput,
707 483 795 555 accipe
807 496 881 539 muto

111 577 219 642 Iliacos,
233 585 376 646 portasque
389 573 439 627 tibi
451 575 505 627 sine
517 575 609 626 Marte
620 581 751 643 patentes.

113 667 240 735 Dumque
252 679 284 717 ea
296 664 381 738 Mago
393 662 483 715 fremit
496 671 574 715 cauto
586 678 640 714 non
652 660 753 716 credita
764 652 859 728 fratris

112 755 174 821 Jam
185 752 276 805 Latius
289 768 343 804 sese
357 751 491 804 Canusina
501 749 530 803 in
543 750 642 802 moenia
652 749 730 802 miles

114 839 260 910 Colligere,
273 850 300 892 et
310 839 440 909 profugos
451 838 540 892 vicino
552 837 658 907 cingere
670 836 754 902 vallo,

114 928 251 996 Coeperat.
271 928 334 979 Heu
344 927 425 979 rebus
437 924 516 979 facies
526 924 658 976 inhonora
670 923 794 977 sinistris!
853 957 854 961 =

113 1016 176 1067 Non
189 1011 295 1082 aquilae,
307 1029 362 1065 nou
375 1012 449 1082 signa
459 1010 533 1076 viris,
547 1028 602 1064 non
615 1010 740 1064 Consulis
751 1011 839 1065 altum

113 1101 272 1172 Imperium,
285 1118 339 1153 non
352 1101 475 1154 subnixae
486 1099 579 1153 lictore
591 1115 706 1154 secures.

113 1191 226 1244 Trunca
237 1200 318 1260 atque
330 1205 401 1260 aegra
412 1199 495 1252 metu,
507 1204 557 1241 ceu
568 1204 665 1259 magna
676 1187 741 1242 elisa
752 1187 840 1253 ruina,

114 1277 238 1348 Corpora
247 1276 379 1331 debilibus
391 1275 514 1330 nituntur
526 1276 616 1329 sistere
628 1275 766 1330 membris.

117 1366 230 1419 Clamor
243 1380 311 1434 saepe
323 1380 428 1434 repens,
440 1373 467 1417 et
478 1380 548 1434 saepe
558 1362 661 1417 silentia
672 1363 734 1416 fixis
757 1392 760 1401 =

114 1455 148 1506 ln
158 1452 284 1505 tellurem
296 1451 389 1517 oculis,
403 1452 482 1504 nudae
493 1451 627 1523 plerisque
636 1451 751 1504 sinistrae
815 1479 819 1494 ι

115 1541 223 1596 Detrito
235 1539 335 1610 clipeo:
354 1540 450 1593 desunt
461 1539 628 1611 pugnacibus
638 1556 729 1593 ensesz

116 1628 227 1684 Saucius
236 1627 323 1680 omnis
333 1644 431 1699 eques:
451 1627 532 1698 galeis
543 1644 665 1696 carpsere
676 1627 822 1699 superbum

116 1717 266 1771 Cristarum
277 1715 369 1782 decus,
382 1726 409 1768 et
421 1714 582 1769 damnairunt
594 1714 694 1769 Martis
705 1717 830 1770 bonores.

115 1807 156 1858 At
169 1805 254 1859 multa
264 1805 360 1859 thorax
374 1805 509 1876 perfossus
520 1804 646 1875 cuspide;
660 1813 686 1856 et
700 1805 806 1859 haerens

115 1891 217 1946 Loricae
228 1892 364 1946 interdum
374 1892 517 1946 Maurusia
527 1893 625 1964 pendet
637 1894 751 1947 arundo.

115 1980 257 2037 Interdum
266 1991 362 2033 moesto
376 1981 459 2034 socios
470 1980 586 2034 clamore
598 1979 750 2050 requirunt.

116 2066 170 2120 Hic
183 2067 281 2131 Galba,
293 2067 339 2140 hic
351 2068 421 2134 Piso,
434 2079 471 2134 et,
483 2067 536 2122 leto
548 2085 602 2122 non
613 2068 708 2140 dignus
720 2067 808 2135 inerti,

117 2155 201 2208 Curio
213 2155 361 2221 deflentur3
378 2157 466 2227 gravis
477 2155 533 2210 illic
544 2157 663 2210 Scaevola
672 2157 754 2213 bello.

117 2245 174 2297 Hos
187 2243 296 2314 passim;
313 2253 341 2297 at
354 2243 439 2296 Paulli
451 2244 558 2314 pariter,
571 2260 622 2298 ceu
634 2244 692 2300 dira
703 2245 822 2315 parentis
847 2299 852 2307 ,

117 2332 182 2384 Fata
193 2340 313 2402 gemunt.
334 2340 363 2384 ut
374 2347 443 2384 vera.
450 2331 514 2384 mali
526 2334 666 2402 praesentia
678 2350 817 2405 nunquam

63 2453 64 2456 =
120 2418 238 2473 Cessirit
249 2435 353 2484 canere,
366 2429 393 2472 et
405 2421 533 2474 Varronis
545 2422 635 2476 sistere
647 2432 774 2476 mentem.

117 2508 209 2579 thue
219 2508 291 2568 diem
302 2509 374 2563 hunc
387 2509 464 2562 toties
475 2512 655 2582 nequidquam
664 2512 793 2567 averterit
805 2514 876 2568 Urbi

117 2599 211 2667 Atque
222 2596 294 2649 idem
305 2600 535 2673 quantusdextra.
556 2601 608 2653 Sed
619 2616 684 2653 cura
693 2600 781 2654 ¹futuri

119 2690 197 2757 Qus
207 2685 315 2754 premit,
327 2695 374 2738 aut
387 2685 467 2740 fossas
479 2685 577 2741 instant
589 2686 743 2757 praeducere
756 2688 850 2754 muris,

117 2772 178 2823 Aut
191 2782 328 2840 portarum
339 2772 427 2826 aditus
439 2777 482 2842 (ut
493 2791 584 2829 rerum
596 2785 635 2828 est
646 2775 733 2848 copia)
746 2776 864 2832 firmant.

119 2859 233 2928 Qaque
246 2869 317 2929 patet
328 2877 438 2941 campus
450 2862 534 2933 planis
547 2863 706 2934 ingressibus
717 2864 797 2931 hosti,

117 2942 270 3027 Cervorum
281 2945 409 3003 ambustis
431 2949 561 3015 mitantur
571 2951 773 3018 cornua-ramis,
836 2985 838 2989 ,
