2010 3450
158 242 206 306 ²3⁸
510 248 618 289 vora.

154 346 405 409 Asulan.-Iefeb.
418 367 464 406 eos
476 351 587 407 Silianos
601 369 658 406 esse
676 355 842 424 pronuntiat.
876 358 958 430 Negat

155 443 249 497 Heius.
327 454 329 458 '

190 535 249 585 226.
264 533 326 586 Non
335 541 482 601 agnoscunt
493 532 566 587 hunc
575 549 685 587 versum
693 533 783 587 Codd.
794 534 857 588 Col.
868 537 922 588 Ox.
931 547 956 588 et

154 621 217 674 Put.
232 637 318 691 neque
333 619 398 673 ullae
409 630 471 673 ante
484 621 615 676 Aldinam
621 622 761 677 editiones.
782 625 907 695 Apparet
918 624 955 677 ef-

152 709 246 762 fictum
257 725 312 761 esse
324 709 358 761 ad
369 708 513 779 imaginem
525 709 685 775 illius,V11.
701 731 732 778 ²3
737 732 762 779 3.
785 715 848 768 Non
861 715 954 767 admit-

152 795 185 848 tit
199 795 292 848 Loseb.
307 795 354 866 qui
367 796 453 863 rejicit
464 796 529 850 item
541 814 570 849 v.
585 817 645 865 223.
662 808 693 851 ut
704 799 853 855 confictum
864 819 879 854 e
892 802 955 854 VII.

155 886 213 936 116.
234 882 288 948 vel,
306 883 327 936 si
345 885 501 949 servaveris,
522 883 586 955 legit
606 887 701 940 uolucri
718 905 770 957 pro
788 889 893 960 rapido.-
915 888 954 942 vel

152 976 233 1030 etiam
244 976 277 1029 de
289 986 378 1029 mente
388 975 492 1029 Horatii
505 976 566 1028 Lib.
580 978 605 1028 1.
620 978 674 1030 Od.
688 979 753 1031 XV.
771 991 814 1032 12.

222 1064 298 1119 Haud
307 1083 374 1118 mora
385 1066 428 1129 sit,
442 1064 543 1118 rabidas
554 1075 614 1134 rape
625 1065 681 1118 belli
682 1067 808 1137 fulmina,
822 1087 927 1124 cumn.

154 1157 199 1211 sed
212 1154 294 1210 satius
305 1152 363 1207 fore
375 1153 509 1207 existimat
520 1162 609 1206 totum
620 1147 786 1226 expungere.

190 1247 249 1297 266.
270 1241 411 1309 Sequimur
421 1238 515 1294 Infeb.
529 1240 643 1311 legendo
655 1242 799 1307 aloannia,
813 1259 909 1298 vocem
917 1259 955 1297 se·

154 1332 206 1387 mel
227 1350 244 1386 a
263 1330 328 1383 Silio
348 1339 515 1399 usurpatam.
545 1327 694 1381 Infeliciter
711 1328 852 1384 tentarunt
869 1347 958 1384 omnes

154 1421 198 1475 aiii
208 1418 367 1490 corrigendo
378 1417 524 1480 resonantia,
529 1417 677 1485 petulantia,
688 1426 715 1468 et
723 1415 877 1471 simil-In
885 1416 918 1481 C.
928 1417 957 1469 P.

153 1509 190 1563 ad
210 1508 319 1570 ovantia,
344 1503 461 1556 divisim.
497 1505 530 1556 In
551 1502 620 1556 Cod.
643 1502 718 1555 Tell.
741 1502 814 1556 Edd.
838 1504 912 1557 And.
933 1514 958 1555 et

155 1597 250 1666 Pomp.
270 1592 424 1664 simpliciter
441 1593 550 1644 ovantia.
578 1593 611 1643 ln
628 1590 687 1644 aliis
709 1602 736 1644 at
753 1595 865 1659 ovantia,
884 1593 958 1647 velet

156 1695 265 1738 ovantia.

190 1784 249 1829 282.
270 1771 370 1843 effudit]
392 1769 484 1823 Lectio
509 1768 711 1822 Coloniensium
730 1771 955 1824 membranarum.

156 1862 214 1917 Alii
223 1859 335 1933 effundit.

190 1957 250 2018 318.
271 1947 382 2019 indeuia]
400 1945 442 1999 Sic
454 1946 599 2018 legendum
610 1947 750 2000 confirmat
764 1946 835 2000 Cod.
851 1946 923 2002 Tell.
936 1956 960 1998 et

156 2039 227 2092 Edd.
260 2037 355 2105 Pomp.
384 2037 472 2088 Mars.
503 2036 610 2088 Beness.
634 2035 700 2087 Ald.
738 2035 824 2091 Recte
848 2035 960 2106 explicat

155 2128 241 2200 glossa
253 2128 286 2180 C.
302 2128 339 2179 T.
355 2143 400 2178 non
411 2125 491 2178 devia.
512 2125 575 2177 Vox
595 2124 676 2176 semel
697 2124 771 2178 dicta
790 2124 865 2190 Silio,
888 2123 958 2178 utin

156 2219 275 2280 Lucano,
286 2215 337 2269 VI.
354 2220 413 2280 748.
428 2213 571 2282 indespeeta,
585 2211 716 2283 negative.
734 2213 862 2283 (Lefeb.)
872 2212 958 2282 Vulgo

156 2306 296 2378 legebatur
307 2305 332 2357 in
344 2303 423 2366 devia,
435 2301 551 2355 divisim.

192 2415 251 2462 3²2·
270 2393 348 2463 lassa]
362 2391 404 2444 Sic
416 2390 468 2443 Ed.
484 2391 652 2460 Pomp—ln
665 2390 771 2460 scriptis
783 2392 853 2445 laxa.
870 2389 956 2445 Heins.

155 2488 226 2554 lapsa
243 2482 382 2552 velflaxa.
405 2481 456 2532 Sed
475 2481 502 2531 in
522 2479 620 2532 Ovidio
629 2480 708 2548 pietas
720 2481 787 2533 lassa
805 2481 885 2533 malis.
905 2476 955 2529 vid.

157 2574 275 2638 Livium,
288 2571 384 2623 XXII.
399 2570 549 2634 43.-laxa,
563 2568 642 2636 lapsa,
660 2569 736 2631 lassa,
751 2566 958 2636 frequentissime

122 2690 126 2701 ·
157 2661 289 2714 alternant
302 2658 330 2709 in
347 2655 461 2726 scriptis.

192 2769 252 2820 390.
273 2751 353 2802 Hunc
362 2764 471 2799 versum
480 2745 638 2798 exhibemus
648 2744 682 2798 ad
692 2753 812 2797 mentem
821 2737 956 2799 doctissimi

158 2836 304 2892 Lefeburii.
326 2835 416 2906 Vulgo
427 2835 526 2905 legitur

228 2925 295 2979 Tunc
305 2925 349 2978 icti
358 2926 430 2993 specie
441 2943 509 2979 ruere
518 2925 574 2979 acri
584 2925 609 2977 in
621 2922 681 2976 bella
694 2922 823 2993 magistre.
