2010 3450
116 235 119 241 Ι
157 283 208 321 soa
354 275 443 317 usu
463 269 542 317 xvlt.
578 274 608 318 ν.
622 273 772 331 aestans

156 385 218 438 Non
232 397 356 437 revocare
368 382 472 435 virum:
492 380 581 436 cuncti
593 391 720 452 praestare
733 380 872 450 videntur,

159 473 243 547 Qod
254 481 347 542 sponte
356 469 488 533 abscedat,
503 468 607 540 Superi,
618 471 779 538 tandemque
791 470 907 525 resolvat
920 531 922 535 ,

154 560 314 616 Ausoniam.
332 566 427 611 ventos
437 566 546 627 optant:
566 565 594 608 et
604 555 684 610 litora
693 557 728 610 ab
740 557 817 611 hoste

156 649 237 703 Nuda
248 647 339 700 videre
350 657 390 700 sat
400 657 450 700 est.
471 647 529 712 Ceu
542 647 650 702 flamina
659 649 812 720 comprimit
824 652 925 706 Auster

157 737 229 789 Cum
241 736 306 800 fera,
317 746 345 789 et
356 736 498 789 abscedens
511 735 597 788 reddit
609 753 691 801 mare,v
704 737 796 793 navita
808 755 889 810 parco

155 826 264 878 Interea
274 835 339 877 voto
352 841 405 878 non
417 840 494 878 auras
506 825 591 897 poscit
603 825 712 892 amicas,
836 837 840 845 “

156 913 307 967 Contentus
317 913 433 967 caruisse
445 915 526 977 Noto,
538 930 683 984 pacemque
696 916 814 983 quietam

155 1000 210 1053 Pro
222 1001 293 1054 facili
304 1019 385 1055 cursu
397 1010 503 1071 reputat
514 999 585 1053 salis.
605 1001 701 1055 Omnis
712 1001 741 1055 in
752 1003 838 1057 altum

155 1088 279 1142 Sidonius
288 1091 361 1146 visus
373 1098 540 1144 converterat
552 1088 668 1158 undique
681 1089 776 1159 miles5

158 1177 265 1232 Ductor
275 1178 375 1232 defixos
387 1177 455 1233 Itala
467 1176 563 1231 tellure
574 1178 680 1233 tenebat

154 1267 279 1321 Intentus
290 1266 392 1332 vultus,
404 1276 593 1336 manantesque
604 1284 653 1320 ora
664 1266 788 1338 rigabant

155 1354 209 1408 Per
221 1355 330 1409 tacitum
342 1354 469 1419 lacrimae,
477 1364 508 1406 et
521 1353 632 1424 suspiria
643 1354 738 1409 crebra
748 1356 845 1411 ciebat.

154 1442 236 1496 Haud
248 1458 322 1496 secus
333 1460 363 1496 ac
375 1441 486 1511 patriam
498 1442 591 1513 pulsus
602 1440 746 1510 dulcesque
758 1446 868 1515 penates

156 1529 312 1598 Linqueret‚
326 1540 352 1583 et
364 1531 452 1584 tristes
463 1531 540 1584 exsul
553 1531 705 1583 traheretur
717 1531 745 1583 in
756 1548 827 1585 oras.

153 1617 193 1670 Ut
206 1635 271 1671 vero
282 1618 371 1672 affusis
383 1634 485 1689 puppes
497 1618 640 1688 procedere
653 1617 749 1683 ventis,

155 1703 192 1756 Et
205 1703 301 1757 sensim
313 1721 417 1774 coepere
429 1703 523 1775 procul
536 1703 672 1757 subsidere
683 1713 799 1770 montes,
843 1716 845 1721 '

69 1858 72 1862 Ι
154 1791 267 1861 Nullaq;
278 1793 334 1858 jam
346 1792 483 1861 Hesperia,
497 1790 524 1844 et'
538 1808 672 1858 nusquam
680 1792 736 1857 jam
750 1793 858 1848 Daunia
869 1793 950 1856 tellus

155 1881 221 1934 Haec
233 1897 322 1935 secum
334 1879 504 1933 infrendens:
525 1879 662 1932 Mentisne
674 1894 724 1951 ego
736 1897 858 1953 compos,
870 1891 898 1936 et
908 1881 952 1934 hoe

258 1985 330 2022 nunc

153 2057 285 2127 Indignus
296 2057 393 2123 reditu,
406 2056 452 2128 qui
465 2068 562 2111 memet
573 2057 671 2114 finibus
682 2075 805 2128 unquam

153 2145 282 2201 Ambrim
290 2148 433 2201 Ausoniae?
454 2145 592 2218 flagrisset
602 2148 707 2202 subdita
718 2148 796 2202 taedis

153 2235 303 2304 Karthago,
322 2245 349 2288 et
360 2236 448 2306 potius
458 2237 593 2291 cecidisset
604 2254 701 2291 nomen
713 2237 806 2290 Elisae.

153 2327 228 2398 Qid
240 2333 322 2378 tunc?
342 2335 382 2378 sat
392 2342 510 2394 compos,
523 2327 570 2396 qui
582 2344 635 2380 non
647 2325 767 2380 ardentia
779 2326 833 2381 tela

151 2418 181 2470 A
195 2415 294 2468 Cannis
305 2415 332 2467 in
344 2414 443 2482 templa
454 2413 505 2466 tuti
516 2415 650 2485 Tarpeja?
669 2417 822 2491 lovemque

152 2503 265 2556 Detraxi
279 2503 362 2555 solio?
383 2503 541 2572 sparsissem
556 2504 675 2557 incendia
687 2514 791 2557 montes

151 2591 204 2644 Per
216 2601 316 2661 septem
330 2590 402 2644 bello
413 2607 521 2654 vacuos,
532 2591 657 2662 gentique
670 2592 794 2662 superbae

151 2679 266 2732 Iliacum
278 2679 390 2732 exitium
401 2690 427 2732 et
440 2696 604 2749 proavorum
617 2679 671 2733 fata
682 2679 825 2734 dedissem.

151 2768 209 2820 Cur
218 2786 299 2839 porro
310 2769 367 2822 haec
378 2776 493 2840 angant?
513 2786 594 2834 nunc,
608 2786 680 2835 nunc
692 2770 820 2825 invadere
833 2772 904 2826 ferro

150 2859 219 2935 Qis
230 2861 368 2930 prohibet?
384 2877 544 2930 rursumque
555 2860 590 2913 ad
600 2859 698 2914 moenia
709 2861 819 2916 tendere
831 2864 945 2934 gressust

148 2950 215 3007 Ibo:
236 2959 274 3019 et,
285 2958 436 3005 castrorum
447 2948 567 3022 relegens
578 2960 751 3008 monumenta
762 2968 896 3021 meorum
