2010 3450
305 264 398 309 crure
415 262 488 307 xrrr.
526 256 720 321 ιδῃ-364.
858 274 912 329 ’¹⁰9

98 372 134 429 Ei
145 372 222 428 stetit
231 371 354 428 adductis
366 388 446 442 super
457 389 505 426 ora
517 373 659 426 trementia
670 373 765 440 frenis,

54 466 56 470 ’
97 459 205 525 Tullia,
218 477 273 512 non
285 457 357 512 ullos
368 457 431 511 satis
443 457 607 512 exhaustura
619 458 734 525 iabores,

99 546 219 601 Ardenti
232 545 427 617 Phlegethonte
439 555 524 601 natat.
543 544 697 600 fornacibus
708 546 773 600 atris

100 639 172 691 Fons
183 635 296 706 rapidus
308 634 385 701 furit,
398 644 479 704 atque
491 644 564 687 ustas
576 635 626 686 sub
635 636 742 707 gurgite
753 645 845 693 cautes

100 723 205 796 Egerit,
219 733 246 776 et
258 722 375 795 scopulis
387 721 476 794 puisat
489 722 663 794 flagrantibus
674 741 733 777 ora.

101 813 154 867 1112
163 823 266 877 autem,
280 829 341 882 quae
353 810 482 863 tondetur
493 811 641 880 praecordia
653 821 741 865 rostro

102 900 197 965 Alitis,
212 903 260 970 (en
272 909 403 971 quantum
416 909 521 952 resonat
534 897 721 970 plangentibus
732 899 782 954 aiis

104 988 234 1060 Armiger
244 987 280 1042 ad
293 998 383 1058 pastus
397 987 501 1040 rediens
512 987 588 1054 Jovis
597 991 620 1054 Ι)
634 989 754 1043 hostibus
764 1007 855 1045 arcem

102 1073 188 1146 Virgo
201 1073 332 1143 (immane
344 1073 431 1140 nefas)
445 1074 569 1127 adamato
580 1074 699 1144 prodidit
709 1093 777 1129 auro

103 1161 232 1232 Tarpeja,
241 1170 271 1214 ct
283 1160 367 1231 pactis
380 1161 507 1214 reseravit
519 1161 635 1215 claustra
647 1164 761 1218 Sabinis.

74 1319 78 1325 Ι
102 1249 185 1316 Juxta
197 1253 302 1317 (nonne
313 1248 403 1301 vides?
418 1265 505 1320 neque
517 1249 589 1302 enirn
601 1250 703 1307 leviora
713 1255 859 1309 domantur

104 1335 223 1403 Delicta)
236 1334 337 1389 illatrat
344 1335 443 1402 Jejunis
456 1336 578 1390 faucibus
590 1338 718 1405 Orthrus,

105 1422 233 1477 Armenti
244 1423 381 1493 quondam
396 1433 486 1477 custos
498 1423 620 1478 immanis
632 1426 716 1491 iberi,

105 1511 140 1567 Et
151 1528 244 1566 morsu
255 1512 332 1584 petit,
344 1523 371 1564 et
384 1513 514 1584 pollutam
526 1513 656 1567 eviscerat
668 1531 768 1584 ungue.

105 1602 160 1656 Nec
172 1618 224 1672 par
235 1617 318 1670 poena
328 1610 417 1654 tamen
431 1601 536 1654 sceleri:
551 1602 664 1655 sacraria
674 1604 765 1656 Vestae

105 1689 216 1754 Polluit,
229 1699 312 1742 exuta
325 1689 374 1743 sibi
386 1688 551 1760 virginitate,
565 1692 696 1745 sacerdos.
835 1748 837 1753 ,

105 1779 155 1832 Sed
167 1777 231 1832 satis
242 1777 301 1831 haec
312 1777 419 1841 vidisse,
433 1778 511 1830 satis:
526 1795 590 1831 mon
603 1779 700 1832 deinde
708 1779 810 1834 videnti

104 1866 184 1919 Nunc
191 1863 293 1918 animas
304 1863 362 1928 tibi,
376 1881 436 1933 quae
450 1874 545 1934 potant
556 1865 666 1930 oblivia,
678 1883 777 1936 paucas
850 1880 854 1887 ’

104 1952 137 2006 ln
149 1952 203 2006 fine
214 1950 385 2006 enumerisse
397 1969 472 2022 paro,
486 1963 512 2005 et
526 1967 643 2006 remeare
655 1954 782 2008 tenebris.

106 2037 158 2092 Hic
169 2040 277 2093 Marius
291 2043 353 2108 (nec
366 2039 449 2092 multa
460 2039 517 2092 dies
526 2041 583 2106 jam
595 2049 676 2094 restat
687 2040 759 2094 ituro

105 2126 265 2181 AEtheroem
274 2127 302 2180 in
314 2126 415 2194 lucem)
429 2127 519 2181 veniet
532 2127 581 2181 tibi
589 2128 692 2200 origine
704 2145 788 2199 parva

106 2216 138 2267 in
149 2215 265 2286 longum
276 2214 421 2286 imperium
432 2216 551 2278 Consul:
564 2233 612 2269 nec
626 2216 700 2270 Sulla
711 2216 811 2271 morari
839 2260 841 2268 ,

105 2303 182 2370 Iussa
192 2313 291 2375 potest,
302 2314 349 2358 aut
361 2321 439 2357 amne
448 2304 496 2359 diu
507 2313 599 2374 potare
612 2323 718 2376 soporo.

108 2390 166 2444 Lux
178 2400 269 2457 vocat,
282 2402 309 2447 et
321 2392 391 2445 nulli
404 2393 508 2446 Divum
520 2394 649 2447 mutabile
661 2393 757 2447 fatum.

105 2480 254 2552 Imperium
265 2481 309 2535 hic
321 2481 424 2552 primus
433 2482 534 2552 rapiet:
549 2483 595 2535 sed
606 2482 693 2554 gloria
703 2482 801 2553 culpae,

109 2570 190 2646 Qud
203 2570 299 2624 reddet
312 2569 399 2623 solus:
416 2587 464 2623 nec
475 2581 550 2624 tanto
563 2573 588 2625 in
602 2572 709 2624 nomine
723 2571 862 2642 quisquam

107 2657 221 2723 Existet,
235 2659 319 2721 Sullae
332 2659 378 2729 qui
389 2675 416 2712 se
428 2660 494 2712 velit
506 2677 562 2713 esse
574 2660 732 2714 secundum.

108 2750 166 2817 lile,
179 2750 252 2806 hirta
263 2752 307 2805 cui
320 2751 468 2823 subrigitur
476 2768 552 2805 coma
564 2750 663 2815 fronte,
676 2751 804 2804 decorum

109 2837 143 2892 Et
153 2849 261 2910 gratum
272 2839 350 2893 terris
361 2841 481 2910 Magnus
493 2849 574 2911 caput
585 2861 591 2892 ε
606 2839 653 2892 ille
667 2838 757 2893 Detim
767 2856 842 2910 gens,

110 2927 281 3001 stelligerum
292 2926 418 2982 attollens
429 2928 540 2998 apicem,
553 2929 691 2998 Trojanus
703 2928 766 2981 Iulo
902 2932 905 2937 ’

101 3017 198 3083 ⁷Cesar
207 3032 276 3090 avr),
290 3030 403 3094 quantas
413 3020 508 3090 moles,
521 3038 584 3078 cum
597 3022 658 3081 sede
669 3020 771 3077 reclusa
806 3059 812 3070 .
