2010 3450
109 275 157 326 ¹30
304 269 394 319 crass
412 268 480 311 xiv.
517 270 545 306 r.
559 269 706 323 505÷534⁴
789 292 792 298 -

107 376 161 429 Pro
173 373 270 446 qualisl
292 392 339 430 seu
350 375 535 445 splendentem¹
543 374 593 427 sub
606 372 692 426 sidera
703 371 764 426 nisu
793 408 796 414 «
864 391 867 395 ·
906 384 909 397 ²

106 463 234 536 Exigeret
246 464 358 529 discum,
368 463 459 530 jaculo
472 479 518 516 seu
530 461 623 516 nubila
633 478 713 530 supra

107 553 244 622 Surgeret,
256 551 368 623 aligeras
379 550 460 604 ferret
471 566 517 604 seu
529 549 642 621 pulvere
655 548 760 620 plantas

107 639 162 692 Vix
173 649 254 705 tacto,
266 638 309 692 vel
321 640 432 693 dimensi
445 639 527 710 spatia
538 637 661 709 improba
671 636 760 708 campi

106 727 247 782 Transiret
258 717 339 783 velox
351 728 429 793 saltu,
442 728 556 780 decuere
567 725 682 779 labores.

109 817 155 869 Sat
167 833 285 888 prorsus,
296 826 336 871 sat
348 827 405 870 erat
416 816 518 870 decoris
529 815 682 870 discrimine
694 825 765 881 tuto,

108 906 155 957 Sat
165 905 259 960 laudis.
278 905 402 971 curiata,
415 921 492 976 puer,
507 905 608 971 nujora
620 904 745 975 petebas?

108 992 202 1059 Illum,
216 995 263 1047 ubi
274 994 408 1048 labentem
419 994 580 1065 pepulerunt
591 994 644 1047 tela
656 995 705 1047 sub
717 991 814 1060 undas,

109 1081 177 1135 Ossa
189 1082 326 1152 Syracosio
338 1082 490 1136 fraudatum
502 1081 630 1152 naufraga
641 1081 732 1148 busto,

110 1169 255 1224 Fleverunt
267 1171 344 1236 freta,
358 1172 491 1225 fleverunt
503 1170 634 1241 Cyclopia
645 1186 718 1237 saxa,

109 1257 146 1310 Et
158 1257 258 1328 Cyane,
271 1270 298 1312 et
311 1262 433 1331 Anapus,
445 1270 473 1313 et
484 1259 596 1330 Ortygie
606 1259 755 1311 Arethusa.

111 1345 189 1399 Parte
201 1347 252 1400 alia
263 1346 375 1401 Perseus
388 1348 512 1420 (puppim
524 1348 592 1401 hanc
604 1347 752 1401 Tiberinus
763 1346 871 1423 agebat)

112 1437 225 1504 Qaque
237 1435 385 1489 vehebatur
396 1436 514 1489 Crantor
525 1434 658 1500 Sidonius,
666 1435 704 1488 lo

112 1522 294 1577 Concurrunt.
314 1526 416 1591 injecta
426 1524 509 1596 ligant
521 1524 583 1578 hinc
593 1521 703 1577 vincula
714 1523 785 1577 ferri·

112 1611 205 1680 Atque
215 1611 298 1678 illinc,
311 1623 492 1681 steteruntque
505 1623 573 1666 rates
584 1611 619 1665 ad
630 1610 726 1681 proelia
737 1628 825 1665 nexae.
900 1626 905 1648 ¹

111 1699 168 1751 Nec
176 1701 267 1766 jaculo
278 1711 325 1755 aut
337 1701 416 1773 longe
427 1711 546 1756 certatur
556 1700 685 1754 arundine
696 1698 766 1754 fusa.

113 1787 280 1858 Comminus,
293 1804 320 1846 et
330 1794 419 1864 gladio
431 1795 565 1847 terrestria
576 1792 671 1864 proelia
682 1792 804 1848 miscent.

112 1878 294 1953 Perrumpunt
305 1884 375 1950 Itali,
389 1904 440 1954 qua
451 1885 535 1938 caedes
547 1886 633 1955 prima
645 1884 764 1950 reclusit,
838 1892 841 1898 “

111 1969 329 2042 Monstravltque
340 1972 422 2026 viam.
443 1974 537 2027 vastas
548 1972 591 2026 hic
602 1973 789 2028 molecatenas

112 2058 244 2113 Hortatur
256 2060 340 2113 socios
351 2070 379 2112 et
392 2060 482 2114 vincla
492 2060 652 2131 abrumpere
665 2061 740 2126 ferri,
761 2070 765 2076 ’

110 2145 155 2198 Ac
168 2156 243 2217 parat
254 2146 345 2201 hostili
357 2147 474 2201 resoluta
485 2165 575 2219 puppe
587 2157 707 2218 receptos

112 2233 248 2300 Avehere,
261 2246 287 2287 et
300 2235 408 2305 paribus
418 2235 511 2307 pelago
524 2235 650 2289 diducere
662 2235 800 2290 abarmia.

112 2321 223 2378 AEtnaeo
234 2321 414 2394 Polyphemus
425 2335 482 2376 erat
494 2324 610 2378 nutritus
621 2325 648 2378 in
661 2335 738 2378 antro
748 2344 757 2392 ς

111 2410 205 2479 Atque
216 2412 277 2465 inde
288 2412 406 2482 antiquae
418 2430 514 2466 nomen
527 2412 638 2466 feritatis
649 2413 767 2466 amabat.
778 2402 783 2407 ’

113 2498 204 2552 Ubera
217 2501 368 2570 praebuerat
378 2517 463 2570 parvo
475 2499 555 2570 lupa:
572 2500 693 2570 eorporis
704 2499 754 2553 alti

113 2586 256 2642 Terribilis
266 2588 360 2653 moles,
373 2604 448 2642 mens
459 2605 561 2659 aspera,
574 2587 669 2640 vultus
679 2586 707 2640 in
720 2586 761 2640 ira
873 2607 878 2619 ·

114 2675 234 2746 Semper,
247 2687 274 2729 et
284 2677 318 2730 ad
329 2677 414 2730 caedes
425 2676 555 2746 Cyclopia
564 2676 645 2730 corde
656 2675 752 2729 libido.

16 2784 18 2788 ·
114 2767 194 2833 Isque
206 2765 525 2828 relaxatismembrorum
541 2765 660 2833 pondere
671 2762 767 2817 vinclis

17 3062 91 3248 t

115 2853 265 2925 Impulerat
275 2855 397 2926 puppim,
409 2864 436 2909 et
447 2855 582 2927 mergebat
594 2856 701 2927 gurgite
712 2866 811 2926 tonsas,

118 2941 296 3014 Duxissetque
308 2954 403 3014 ratem,
416 2961 507 3018 pressa
517 2944 649 3000 Laronius
660 2943 736 3004 hasta
