2010 3450
254 478 257 483 ·
364 437 531 514 LIBER
565 440 650 512 XI.

435 709 463 745 v.
482 710 575 757 1-24.

99 825 148 923 N
151 885 229 936 nuc,
242 886 301 941 age,
315 886 382 941 quos
393 870 482 924 clades
493 870 603 942 insignis
615 873 714 944 Iapyge
727 890 820 945 campo
887 878 895 893 ‘

98 962 216 1016 Verterit
227 962 261 1014 ad
274 961 388 1030 Libyam
400 960 514 1032 populos
527 963 692 1033 Sarranaque
704 975 799 1030 castra,
892 984 894 991 ¹

98 1050 258 1121 Expediam.
280 1052 336 1102 Stat
349 1049 424 1103 nulla
435 1050 483 1103 diu
494 1050 654 1105 mortalibus
665 1069 789 1123 usquam,
834 1033 839 1047 ¹

99 1142 219 1193 Forttma
230 1138 372 1202 titubante,
386 1137 460 1190 fides.
480 1137 639 1208 Adjungere
652 1139 760 1192 dextras
793 1139 796 1142 ’

100 1227 249 1280 Certavere·
257 1225 349 1296 palam
358 1224 496 1296 'rumpenti
509 1225 612 1280 foedera
623 1227 717 1293 Poeno,

100 1317 173 1369 Heu!
190 1310 305 1368 nimium
317 1313 407 1368 faciles
419 1315 489 1368 laesis
501 1314 621 1368 diffidere
633 1317 728 1369 rebus:

100 1403 203 1455 Saevior
213 1412 276 1455 ante
286 1403 352 1455 alios
364 1401 416 1455 iras
429 1401 549 1456 servisse
563 1413 690 1475 repostas,

100 1493 193 1562 Atque
205 1491 299 1544 odium
311 1507 441 1545 renovare
454 1491 530 1544 ferox
544 1493 571 1544 in
584 1503 705 1564 tempore
719 1493 831 1548 Samnis.

100 1580 170 1632 Mox
183 1578 250 1632 levis
261 1589 289 1632 et
298 1581 357 1632 sero
373 1595 511 1648 pressurus
524 1579 577 1633 fata
590 1581 693 1650 pudore

101 1667 232 1733 Bruttius,
241 1666 375 1738 ambiguis
386 1666 469 1720 fallax
483 1685 546 1720 mox
557 1668 686 1737 Appulus
697 1669 787 1722 armis.

100 1757 175 1810 Tum
183 1772 249 1826 gens
261 1754 370 1825 Hirpini
381 1772 451 1808 vana
462 1755 636 1824 indocilisque
649 1755 740 1825 quieti,

100 1844 136 1896 Et
147 1843 250 1914 rupisse
263 1842 373 1916 indigna
384 1843 474 1897 fidem.
494 1861 543 1897 ceu
555 1845 614 1898 dira
627 1861 674 1914 per
685 1861 777 1898 omnes

101 1933 247 1986 Manarent
259 1932 374 2001 populos
387 1931 453 1986 foedi
463 1933 586 2004 contagia
597 1933 696 1986 morbi.

100 2021 213 2090 Jamque
223 2019 317 2072 Atella
329 2037 399 2084 suas,
409 2021 517 2088 jamque
529 2031 555 2072 et
568 2020 673 2074 Calatia
683 2021 782 2092 adegit,

103 2110 151 2161 Fas
164 2116 306 2177 superante
317 2117 400 2172 metu,
414 2109 562 2162 Pomorum
571 2110 597 2162 in
610 2120 696 2163 castra
708 2110 838 2164 cohortes.

102 2196 167 2248 lnde
180 2195 328 2249 Phalanteo
340 2196 434 2250 levitas
446 2197 564 2250 animosa
576 2199 707 2262 Tarento,

104 2283 256 2336 Ausonium
268 2283 359 2336 laxare
368 2285 474 2355 jugum.
496 2286 624 2340 Patefecit
636 2287 733 2340 amicas

104 2368 169 2421 Alta
179 2370 284 2423 Croton
297 2383 397 2441 portas,
408 2372 539 2442 Afrisque
550 2375 584 2427 ad
595 2375 709 2429 barbara
717 2376 792 2440 jussa

104 2456 289 2526 Thespiadum
299 2459 390 2512 docuit
403 2461 559 2514 submittere
571 2463 640 2515 colla
652 2474 771 2535 nepotes.

105 2546 178 2598 Idem
189 2547 271 2602 etiam
284 2547 384 2602 Locros
395 2549 490 2602 habuit
503 2550 589 2603 furor.
611 2553 667 2604 Ora
677 2551 769 2605 vadosi

106 2632 211 2700 Litoris,
227 2635 346 2706 Argivos
358 2638 444 2702 major
455 2656 508 2708 qua
519 2639 626 2713 Graecia
638 2656 729 2692 muros

107 2721 205 2788 Servat,
217 2734 243 2776 et
257 2724 335 2777 lonio
345 2723 430 2778 luitur
439 2735 552 2779 curvata
563 2725 709 2795 profundo,
730 2778 733 2784 ,

108 2808 189 2863 Laetas
200 2827 244 2865 res
256 2811 349 2881 Libyae
361 2822 388 2864 et
401 2812 539 2866 fortunam
551 2831 648 2867 emore
659 2825 757 2882 secuta,
806 2844 809 2848 ·

107 2895 209 2961 Juravit
220 2899 343 2972 pavitans
353 2901 440 2972 Tyrio
453 2919 501 2955 sua
512 2903 607 2973 proelia
618 2903 714 2959 Marti.
