2010 3450
314 291 406 334 ursan
425 291 499 332 xre·
515 285 706 346 V·775·⁸04‘·
855 284 907 347 ὥς

99 402 195 457 Omnis
206 398 342 456 Naiadum
352 397 439 470 plenis
447 397 574 451 comitata
585 397 716 467 pharetris

98 487 198 544 Turba
207 489 271 552 ruit,
284 487 453 556 striduntque
465 486 604 557 sagittiferi
614 488 710 556 coryti.

98 574 176 631 Tum
186 595 236 647 per
244 593 307 629 saxa
319 575 394 640 serae,
407 591 506 642 perque
518 573 576 644 ipsa
582 574 682 627 cubilia
693 574 771 639 fusae,

99 663 153 718 Ρη
163 664 258 728 vasses,
272 663 431 732 fluviosque,
444 674 524 732 atque
535 672 612 716 antra
620 662 734 716 virentia
746 678 848 727 musco,

98 751 193 809 Multa
204 765 292 826 strage
299 755 399 819 jacent.
419 754 545 807 Exsultat
556 757 656 808 vertice
668 757 767 809 montis

99 844 215 897 Gratam
226 843 392 913 perlustrans
402 841 488 894 oculis
499 841 611 894 Latonia
621 843 751 912 praedam.

99 931 206 986 Audito
215 942 279 984 ante
288 929 355 984 alios
365 929 476 982 senioris
487 930 609 994 vulnere,
621 931 724 1002 rumpit

99 1017 153 1072 Ρη
163 1019 269 1073 medios
275 1019 349 1072 Nero
361 1034 449 1070 saevus
461 1017 521 1082 iter,
534 1017 641 1086 visaque
652 1019 775 1072 virorum

99 1106 211 1175 AEquali
223 1123 322 1176 pugna,
337 1104 411 1180 Qid
423 1106 504 1169 enim,
518 1106 581 1173 quid
592 1105 689 1158 deinde
701 1105 824 1158 relictum
835 1117 877 1159 est

99 1195 186 1248 ltalia
198 1194 277 1249 satist
295 1195 368 1248 hunc
381 1193 468 1247 sinon
481 1193 588 1246 vincitis
599 1194 714 1257 hostem,

100 1283 278 1338 Hannibalem
288 1282 410 1346 vincetis,
420 1281 474 1334 aitt
493 1281 561 1334 Ruit
572 1281 646 1333 ocius
658 1297 749 1333 amens

99 1371 133 1424 ln
145 1370 261 1424 medios:
282 1369 430 1439 Tyriumq;
440 1369 538 1423 ducem
549 1369 619 1421 inter
631 1369 717 1439 prima
731 1368 891 1422 frementem

99 1460 221 1529 Agmina
230 1468 262 1511 ut
271 1456 386 1528 aspexit,
397 1456 483 1510 rabidi
494 1474 544 1510 ceu
555 1456 636 1510 belua
647 1456 732 1527 ponti,

99 1544 153 1599 Ρη
163 1546 277 1616 longum
288 1544 371 1598 sterili
383 1545 417 1598 ad
429 1556 520 1615 pastus
528 1545 627 1610 jactata
638 1542 784 1615 profundo,

100 1631 174 1688 Cum
183 1633 280 1705 procul
291 1633 320 1686 in
332 1633 417 1686 ductu
429 1633 528 1703 piscem
541 1633 609 1686 male
622 1633 710 1688 saucia
724 1633 801 1698 vidit,

99 1722 222 1786 AEmuat,
233 1730 271 1785 et,
280 1721 397 1774 lustrans
408 1731 514 1774 nantem
527 1721 577 1774 sub
588 1720 695 1792 gurgite
708 1720 837 1791 praedam,

100 1809 240 1862 Absorbet
251 1808 303 1861 late
316 1809 480 1878 permixtum
492 1808 608 1877 piscibus
618 1826 721 1878 aequor.

100 1899 163 1951 lion
174 1896 229 1949 telo
239 1913 325 1962 mora,
338 1913 391 1948 non
402 1896 490 1951 dictis.
511 1897 591 1949 Haud
602 1897 727 1967 amplius,
740 1898 836 1967 inquit,

100 1985 216 2039 Elabere
228 1984 303 2037 mihi.
323 2001 378 2036 non
388 1983 434 2038 hic
446 2000 556 2036 nemora
567 1984 627 2036 avia
638 1984 733 2038 fallent

101 2072 227 2144 Pyrenes,
240 2089 289 2125 nec
300 2070 436 2141 promissis
447 2069 610 2123 frustrabere
620 2071 707 2136 vanis,

100 2160 138 2213 Ut
149 2160 287 2230 quondam
299 2170 371 2212 terra
382 2158 465 2211 fallax
477 2158 625 2228 deprensus
637 2158 718 2211 lbera

100 2247 194 2302 Μαί
206 2259 326 2301 nostram
337 2247 449 2300 mentito
461 2246 563 2300 foedere
571 2246 706 2300 dextram.

100 2339 168 2390 llaec
177 2338 262 2399 Nero,
274 2347 301 2388 et
314 2335 450 2403 intorquet
459 2334 595 2402 jaculum:
618 2351 666 2388 nec
679 2333 764 2387 futilis
776 2334 854 2389 ictus.

100 2427 171 2479 Nam
182 2424 266 2477 latere
277 2434 400 2477 extremo
411 2423 500 2492 cuspis
511 2423 608 2476 librata
619 2422 727 2476 resedit.

100 2513 208 2566 invadit
220 2511 313 2565 stricto
325 2528 405 2581 super
416 2511 475 2565 haec
486 2510 623 2564 interritus
633 2528 706 2576 ense,

101 2599 272 2671 Collapsique
285 2617 409 2670 premens
419 2599 536 2654 umbone
548 2599 689 2653 trementia
700 2599 830 2663 membra,

101 2690 128 2741 Si
139 2707 193 2759 qua
201 2689 252 2742 sub
263 2700 387 2741 extremo
398 2705 461 2741 casu
473 2688 598 2740 mandata
610 2687 704 2740 referri

102 2778 240 2831 Germano
250 2777 292 2829 vis
304 2776 374 2830 forte
384 2787 443 2842 tuo,
457 2775 631 2847 portabimus,
642 2775 738 2844 inquit.

102 2865 204 2918 Contra
217 2865 355 2918 Sidonius:
371 2865 439 2918 Leto
450 2882 503 2918 non
516 2874 620 2917 terreor
632 2864 698 2918 ullo.

103 2953 183 3009 Utere
195 2955 289 3009 Marte
301 2965 360 3020 tuo,
373 2953 440 3008 dum
451 2953 548 3008 nostris
559 2941 683 3007 manibus
693 2952 761 3008 adsit
