2010 3450
318 274 410 327 utu
429 276 487 319 ιιι.
523 279 553 318 v.
565 269 716 333 Sil-5⁶41
886 283 919 336 ss

109 374 248 454 linquens
259 379 394 452 Telegoni
405 381 525 452 pulsatos
533 383 726 450 artensium,
797 396 800 401 ’
843 415 847 422 -

106 468 467 540 llauddignamiutertanta
475 486 589 526 moram.
607 487 656 529 nec
668 488 774 529 amoena
782 479 915 529 retentant

105 559 217 630 Algida,
229 574 280 614 nec
287 558 368 624 juxta
378 558 493 627 Junonis
504 568 573 617 tecta
585 561 711 617 Gabina.

104 647 229 718 Praeceps
238 646 275 703 ad
284 646 357 715 ripas
367 646 477 703 immani
487 648 595 705 turbine
607 649 702 715 fertur,

103 734 237 791 Sulfureia
248 733 353 806 gelidus
364 750 418 805 qua
431 735 512 806 serpit
523 735 619 791 leniter
629 737 708 795 undis

105 824 152 878 Ad
163 823 316 896 genitorem
329 823 412 888 Anio,
426 823 519 879 labens
531 823 586 881 siue
599 840 747 890 murmure,
760 823 908 896 Thybrim.

104 912 158 967 llic
171 921 202 966 ut
215 911 289 983 signa
298 910 375 967 ferox
385 911 556 982 dimensaque
567 921 653 969 castra
663 912 771 980 locavit,

103 1000 140 1053 Et
151 999 223 1072 ripas
235 999 384 1064 trenreiecit
394 1017 485 1070 eques,
498 1003 640 1072 perterrita
651 1002 734 1073 pulsia

103 1088 155 1142 llia
166 1087 255 1158 prima
264 1088 341 1142 vadis
352 1104 427 1144 sacro
438 1107 466 1144 se
478 1091 601 1163 conjugis
611 1102 690 1147 antro

104 1177 244 1244 Condidit,
256 1188 285 1230 et
295 1188 399 1233 cunctae
410 1178 539 1250 sugerunt
549 1181 656 1252 gurgite
669 1181 812 1252 Nymphae.

102 1269 143 1322 At
154 1276 255 1325 matres
265 1266 359 1334 Lttiae,
371 1285 420 1322 ceu
431 1269 531 1323 moenia
541 1268 616 1325 nulla
626 1269 769 1341 supersint,

104 1355 238 1410 Attonitae
250 1356 349 1425 passim
359 1354 514 1411 furibundis
523 1357 657 1427 gressibus
667 1367 768 1413 errant.

103 1444 178 1496 Ante
190 1442 285 1498 oculos
295 1443 400 1498 adstant
410 1444 505 1499 lacere
517 1445 712 1515 trepidantibus
722 1445 836 1510 umbrae,

82 1566 86 1572 -
102 1536 202 1606 Qaeq3
212 1548 325 1603 gravem
335 1532 369 1585 ad
380 1533 520 1597 Trebiam,
533 1551 621 1604 quaeq;
634 1534 668 1587 ad
680 1533 776 1588 Ticina
789 1533 888 1587 fluenta

101 1617 247 1689 oppetiere
257 1634 359 1685 necem,
371 1618 481 1673 Paullus
492 1620 684 1689 Gracchusque
695 1619 809 1684 cruenti,

99 1707 301 1778 Flaminiusque
312 1707 403 1773 simul,
415 1707 517 1763 miseris
528 1719 590 1763 ante
601 1727 650 1764 ora
661 1718 804 1781 vagantur.

100 1796 205 1850 Clausit
216 1797 297 1849 turba
308 1795 375 1850 vias.
395 1797 453 1849 Stat
463 1795 549 1851 celsus
560 1807 587 1850 et
598 1812 676 1868 asper
685 1799 720 1853 ab
732 1796 782 1861 ira,

99 1886 294 1956 lugentemque
306 1894 409 1938 metum
417 1894 496 1937 torvo
508 1885 600 1939 domat
611 1900 657 1939 ore
669 1887 790 1941 Senatus.

99 1975 242 2029 Interdum
252 1985 341 2029 tamen
352 1984 498 2045 erumpunt
510 1974 561 2027 sub
571 1972 672 2029 casside
684 1973 751 2029 fusae

98 2063 150 2116 Per
161 2064 274 2117 tacitum
285 2062 418 2129 lacrimae3
433 2062 563 2133 quidnam
575 2063 694 2116 Fortuna
705 2060 832 2127 minetur,

100 2151 211 2226 Qtidve
222 2162 316 2221 parent
328 2151 439 2222 Superi?
454 2150 543 2204 Pubes
553 2150 672 2221 dispersa
682 2166 732 2222 per
742 2150 808 2204 altas

99 2245 156 2296 Stat
168 2251 266 2305 turres,
278 2251 357 2309 atque
369 2240 423 2294 huc
434 2250 547 2294 ventum
559 2240 610 2293 sub
622 2239 703 2293 corde
715 2238 830 2305 volutat,

97 2332 136 2384 Ut
143 2330 202 2397 jam
215 2329 304 2382 Roma
314 2328 376 2383 satis
386 2329 477 2383 credat
488 2327 630 2381 defendere
642 2343 744 2381 muros.

97 2420 198 2474 Poenus
209 2427 240 2470 ut
251 2418 288 2471 ad
298 2433 406 2479 somnos
417 2418 465 2471 uix
478 2427 562 2471 totam
572 2415 695 2470 cursibus
706 2426 772 2469 actae

98 2507 215 2561 Indulsit
227 2505 294 2577 pubi
308 2515 423 2569 noctem,
434 2505 500 2576 vigil
513 2505 578 2576 ipse,
591 2521 639 2559 nec
650 2503 735 2557 ullam

98 2596 146 2650 Ad
158 2595 278 2665 requiem
287 2578 382 2659 facilis,
395 2594 557 2663 credensque
569 2593 711 2647 abscedere
722 2591 795 2656 vitre,

98 2668 180 2760 Qud
191 2701 273 2753 sopor
283 2683 388 2754 eripiat,
401 2693 522 2753 tempus;
542 2680 706 2751 radiantibus
716 2679 796 2735 armis

97 2773 233 2836 Induitur,
244 2771 450 2841 Nomadumque
458 2770 537 2837 jubet
547 2785 722 2840 prorumpere
732 2779 844 2824 turmas.

97 2862 174 2926 Inde,
185 2860 254 2915 levis
266 2859 359 2924 frenis,
370 2858 473 2914 circum
484 2857 628 2930 pavitantia
638 2858 725 2913 fertur

99 2947 328 3025 Qadrupedante
340 2961 406 3005 sono
418 2945 546 3017 perculsa
557 2945 655 3003 moenia
667 2945 772 3002 Romae.
889 2960 891 2965 ·
