<?xml version="1.0" encoding="UTF-8"?>
<!DOCTYPE html PUBLIC "-//W3C//DTD XHTML 1.0 Transitional//EN"
    "http://www.w3.org/TR/xhtml1/DTD/xhtml1-transitional.dtd">
<html xmlns="http://www.w3.org/1999/xhtml" xml:lang="en" lang="en">
 <head>
  <title>
</title>
<meta http-equiv="Content-Type" content="text/html;charset=utf-8" />
  <meta name='ocr-system' content='tesseract 3.04.00' />
  <meta name='ocr-capabilities' content='ocr_page ocr_carea ocr_par ocr_line ocrx_word'/>
</head>
<body>
  <div class='ocr_page' id='page_1' title='image "./cajisiliiitalic00unkngoog_0242.png"; bbox 0 0 2010 3450; ppageno 0'>
   <div class='ocr_carea' id='block_1_1' title="bbox 449 287 904 345">
    <p class='ocr_par' dir='ltr' id='par_1_1' title="bbox 449 287 904 345">
     <span class='ocr_line' id='line_1_1' title="bbox 449 287 904 345; baseline 0.009 -20"><span class='ocrx_word' id='word_1_1' title='bbox 449 287 557 326; x_wconf 65' lang='lat' dir='ltr'>Now.</span> <span class='ocrx_word' id='word_1_2' title='bbox 857 297 904 345; x_wconf 84' lang='lat'>²33</span> 
     </span>
    </p>
   </div>
   <div class='ocr_carea' id='block_1_2' title="bbox 91 391 910 1240">
    <p class='ocr_par' dir='ltr' id='par_1_2' title="bbox 91 391 905 641">
     <span class='ocr_line' id='line_1_2' title="bbox 136 391 905 462; baseline 0.001 -16"><span class='ocrx_word' id='word_1_3' title='bbox 136 400 197 460; x_wconf 82' lang='lat'>185.</span> <span class='ocrx_word' id='word_1_4' title='bbox 210 394 267 447; x_wconf 91' lang='lat' dir='ltr'>Nos</span> <span class='ocrx_word' id='word_1_5' title='bbox 279 409 341 446; x_wconf 91' lang='lat' dir='ltr'>eum</span> <span class='ocrx_word' id='word_1_6' title='bbox 353 391 446 445; x_wconf 85' lang='lat' dir='ltr'>Heins.</span> <span class='ocrx_word' id='word_1_7' title='bbox 460 401 488 444; x_wconf 91' lang='lat' dir='ltr'>et</span> <span class='ocrx_word' id='word_1_8' title='bbox 501 391 587 444; x_wconf 86' lang='lat' dir='ltr'>Drak.</span> <span class='ocrx_word' id='word_1_9' title='bbox 601 393 717 462; x_wconf 81' lang='lat' dir='ltr'>despecta.</span> <span class='ocrx_word' id='word_1_10' title='bbox 737 393 838 446; x_wconf 91' lang='lat' dir='ltr'>Omnes</span> <span class='ocrx_word' id='word_1_11' title='bbox 857 413 905 448; x_wconf 85' lang='lat' dir='ltr'>an-</span> 
     </span>
     <span class='ocr_line' id='line_1_3' title="bbox 100 477 904 553; baseline -0.007 -19"><span class='ocrx_word' id='word_1_12' title='bbox 100 481 168 552; x_wconf 85' lang='lat' dir='ltr'>tiqui</span> <span class='ocrx_word' id='word_1_13' title='bbox 181 482 280 553; x_wconf 66' lang='lat' dir='ltr'>disjecta</span> <span class='ocrx_word' id='word_1_14' title='bbox 292 488 390 551; x_wconf 82' lang='lat' dir='ltr'>praeter</span> <span class='ocrx_word' id='word_1_15' title='bbox 403 478 437 531; x_wconf 89' lang='lat' dir='ltr'>C.</span> <span class='ocrx_word' id='word_1_16' title='bbox 450 477 524 532; x_wconf 84' lang='lat' dir='ltr'>Tell.</span> <span class='ocrx_word' id='word_1_17' title='bbox 537 478 591 547; x_wconf 87' lang='lat' dir='ltr'>qui,</span> <span class='ocrx_word' id='word_1_18' title='bbox 602 479 732 548; x_wconf 88' lang='lat' dir='ltr'>probante</span> <span class='ocrx_word' id='word_1_19' title='bbox 745 479 839 533; x_wconf 85' lang='lat' dir='ltr'>Lefeb.</span> <span class='ocrx_word' id='word_1_20' title='bbox 853 482 904 534; x_wconf 80' lang='lat' dir='ltr'>dis.</span> 
     </span>
     <span class='ocr_line' id='line_1_4' title="bbox 91 568 315 641; baseline -0.013 -18"><span class='ocrx_word' id='word_1_21' title='bbox 91 571 183 641; x_wconf 84' lang='lat' dir='ltr'>juncta</span> <span class='ocrx_word' id='word_1_22' title='bbox 195 568 315 621; x_wconf 85' lang='lat' dir='ltr'>exhibet.</span> 
     </span>
    </p>

    <p class='ocr_par' dir='ltr' id='par_1_3' title="bbox 100 654 905 799">
     <span class='ocr_line' id='line_1_5' title="bbox 134 654 905 730; baseline -0.001 -20"><span class='ocrx_word' id='word_1_23' title='bbox 134 657 296 730; x_wconf 78' lang='lat' dir='ltr'>cingentibus]</span> <span class='ocrx_word' id='word_1_24' title='bbox 315 655 357 709; x_wconf 88' lang='lat' dir='ltr'>Sic</span> <span class='ocrx_word' id='word_1_25' title='bbox 368 654 460 708; x_wconf 85' lang='lat' dir='ltr'>Heins.</span> <span class='ocrx_word' id='word_1_26' title='bbox 492 654 576 726; x_wconf 83' lang='lat' dir='ltr'>Vulg.</span> <span class='ocrx_word' id='word_1_27' title='bbox 590 655 735 728; x_wconf 81' lang='lat' dir='ltr'>ingentibus.</span> <span class='ocrx_word' id='word_1_28' title='bbox 755 657 841 710; x_wconf 87' lang='lat' dir='ltr'>Error</span> <span class='ocrx_word' id='word_1_29' title='bbox 859 674 905 709; x_wconf 84' lang='lat' dir='ltr'>nu-</span> 
     </span>
     <span class='ocr_line' id='line_1_6' title="bbox 100 745 886 799; baseline -0.011 0"><span class='ocrx_word' id='word_1_30' title='bbox 100 755 144 799; x_wconf 90' lang='lat' dir='ltr'>tus</span> <span class='ocrx_word' id='word_1_31' title='bbox 156 761 171 798; x_wconf 92' lang='lat' dir='ltr'>e</span> <span class='ocrx_word' id='word_1_32' title='bbox 184 745 264 797; x_wconf 84' lang='lat' dir='ltr'>simili</span> <span class='ocrx_word' id='word_1_33' title='bbox 276 760 351 797; x_wconf 86' lang='lat' dir='ltr'>sono.</span> <span class='ocrx_word' id='word_1_34' title='bbox 864 784 865 790; x_wconf 72' lang='grc'>,</span> <span class='ocrx_word' id='word_1_35' title='bbox 881 757 886 767; x_wconf 83' lang='grc'><em>·</em></span> 
     </span>
    </p>

    <p class='ocr_par' dir='ltr' id='par_1_4' title="bbox 99 829 910 1240">
     <span class='ocr_line' id='line_1_7' title="bbox 135 829 905 904; baseline 0.001 -19"><span class='ocrx_word' id='word_1_36' title='bbox 135 851 197 900; x_wconf 86' lang='lat'>234.</span> <span class='ocrx_word' id='word_1_37' title='bbox 216 832 303 904; x_wconf 73' lang='lat' dir='ltr'>inrisit]</span> <span class='ocrx_word' id='word_1_38' title='bbox 321 832 363 884; x_wconf 82' lang='lat' dir='ltr'>Sic</span> <span class='ocrx_word' id='word_1_39' title='bbox 381 831 415 883; x_wconf 91' lang='lat' dir='ltr'>C.</span> <span class='ocrx_word' id='word_1_40' title='bbox 434 829 508 885; x_wconf 84' lang='lat' dir='ltr'>Tell.</span> <span class='ocrx_word' id='word_1_41' title='bbox 527 830 563 884; x_wconf 87' lang='lat' dir='ltr'>cf.</span> <span class='ocrx_word' id='word_1_42' title='bbox 592 831 670 902; x_wconf 86' lang='lat' dir='ltr'>Virg.</span> <span class='ocrx_word' id='word_1_43' title='bbox 691 832 759 885; x_wconf 86' lang='lat' dir='ltr'>AEn.</span> <span class='ocrx_word' id='word_1_44' title='bbox 784 834 820 885; x_wconf 88' lang='lat' dir='ltr'>V.</span> <span class='ocrx_word' id='word_1_45' title='bbox 843 837 905 904; x_wconf 85' lang='lat'>469.</span> 
     </span>
     <span class='ocr_line' id='line_1_8' title="bbox 100 918 905 994; baseline 0 -19"><span class='ocrx_word' id='word_1_46' title='bbox 100 921 192 994; x_wconf 87' lang='lat' dir='ltr'><strong>Vulgo</strong></span> <span class='ocrx_word' id='word_1_47' title='bbox 200 920 339 992; x_wconf 82' lang='lat' dir='ltr'>legebatur</span> <span class='ocrx_word' id='word_1_48' title='bbox 349 929 432 972; x_wconf 83' lang='lat' dir='ltr'>motat.</span> <span class='ocrx_word' id='word_1_49' title='bbox 447 918 562 988; x_wconf 85' lang='lat' dir='ltr'>Antiqui</span> <span class='ocrx_word' id='word_1_50' title='bbox 575 919 733 989; x_wconf 88' lang='lat' dir='ltr'>plerumque</span> <span class='ocrx_word' id='word_1_51' title='bbox 746 933 832 975; x_wconf 82' lang='lat' dir='ltr'>mutat.</span> <span class='ocrx_word' id='word_1_52' title='bbox 842 922 905 975; x_wconf 91' lang='lat' dir='ltr'>Col.</span> 
     </span>
     <span class='ocr_line' id='line_1_9' title="bbox 101 1007 908 1063; baseline -0.001 0"><span class='ocrx_word' id='word_1_53' title='bbox 101 1020 188 1063; x_wconf 82' lang='lat' dir='ltr'>nutat:</span> <span class='ocrx_word' id='word_1_54' title='bbox 216 1009 297 1061; x_wconf 84' lang='lat' dir='ltr'>etsie</span> <span class='ocrx_word' id='word_1_55' title='bbox 316 1008 486 1061; x_wconf 90' lang='lat' dir='ltr'>Heins.cum</span> <span class='ocrx_word' id='word_1_56' title='bbox 510 1007 596 1059; x_wconf 90' lang='lat' dir='ltr'>Drak.</span> <span class='ocrx_word' id='word_1_57' title='bbox 628 1008 679 1060; x_wconf 89' lang='lat' dir='ltr'>Sed</span> <span class='ocrx_word' id='word_1_58' title='bbox 703 1009 850 1062; x_wconf 87' lang='lat' dir='ltr'>audiendus</span> <span class='ocrx_word' id='word_1_59' title='bbox 867 1019 908 1062; x_wconf 88' lang='lat' dir='ltr'>est</span> 
     </span>
     <span class='ocr_line' id='line_1_10' title="bbox 99 1096 907 1169; baseline -0.001 -18"><span class='ocrx_word' id='word_1_60' title='bbox 99 1097 270 1151; x_wconf 88' lang='lat' dir='ltr'>doctissimus</span> <span class='ocrx_word' id='word_1_61' title='bbox 288 1096 383 1150; x_wconf 83' lang='lat' dir='ltr'>Leseb.</span> <span class='ocrx_word' id='word_1_62' title='bbox 405 1096 452 1166; x_wconf 94' lang='lat' dir='ltr'>qui</span> <span class='ocrx_word' id='word_1_63' title='bbox 470 1097 587 1149; x_wconf 89' lang='lat' dir='ltr'>verbum</span> <span class='ocrx_word' id='word_1_64' title='bbox 605 1097 724 1149; x_wconf 86' lang='lat' dir='ltr'>activum</span> <span class='ocrx_word' id='word_1_65' title='bbox 744 1096 788 1152; x_wconf 91' lang='lat' dir='ltr'>hic</span> <span class='ocrx_word' id='word_1_66' title='bbox 808 1099 907 1169; x_wconf 86' lang='lat' dir='ltr'>requiri</span> 
     </span>
     <span class='ocr_line' id='line_1_11' title="bbox 103 1183 910 1240; baseline 0 -1"><span class='ocrx_word' id='word_1_67' title='bbox 103 1185 251 1240; x_wconf 84' lang='lat' dir='ltr'>contendit.</span> <span class='ocrx_word' id='word_1_68' title='bbox 281 1195 353 1238; x_wconf 81' lang='lat' dir='ltr'>nutat</span> <span class='ocrx_word' id='word_1_69' title='bbox 375 1186 491 1237; x_wconf 90' lang='lat' dir='ltr'>verbum</span> <span class='ocrx_word' id='word_1_70' title='bbox 508 1194 549 1236; x_wconf 90' lang='lat' dir='ltr'>est</span> <span class='ocrx_word' id='word_1_71' title='bbox 576 1183 784 1237; x_wconf 83' lang='lat' dir='ltr'>intransitivum.</span> <span class='ocrx_word' id='word_1_72' title='bbox 817 1188 910 1240; x_wconf 67' lang='lat' dir='ltr'>mittere</span> 
     </span>
    </p>
   </div>
   <div class='ocr_carea' id='block_1_3' title="bbox 97 1274 904 2498">
    <p class='ocr_par' dir='ltr' id='par_1_5' title="bbox 101 1274 418 1433">
     <span class='ocr_line' id='line_1_12' title="bbox 101 1274 418 1346; baseline 0.006 -19"><span class='ocrx_word' id='word_1_73' title='bbox 101 1274 174 1328; x_wconf 88' lang='lat' dir='ltr'>idem</span> <span class='ocrx_word' id='word_1_74' title='bbox 186 1275 259 1328; x_wconf 84' lang='lat' dir='ltr'>valet</span> <span class='ocrx_word' id='word_1_75' title='bbox 271 1292 302 1328; x_wconf 83' lang='lat' dir='ltr'>ac</span> <span class='ocrx_word' id='word_1_76' title='bbox 306 1277 418 1346; x_wconf 83' lang='lat' dir='ltr'>jactare.</span> 
     </span>
     <span class='ocr_line' id='line_1_13' title="bbox 136 1363 367 1433; baseline 0 -17"><span class='ocrx_word' id='word_1_77' title='bbox 136 1383 198 1433; x_wconf 88' lang='lat'>319.</span> <span class='ocrx_word' id='word_1_78' title='bbox 219 1363 289 1416; x_wconf 93' lang='lat' dir='ltr'>Cod.</span> <span class='ocrx_word' id='word_1_79' title='bbox 305 1363 367 1417; x_wconf 92' lang='lat' dir='ltr'>Col.</span> 
     </span>
    </p>

    <p class='ocr_par' dir='ltr' id='par_1_6' title="bbox 100 1452 903 1696">
     <span class='ocr_line' id='line_1_14' title="bbox 171 1452 722 1525; baseline 0.005 -21"><span class='ocrx_word' id='word_1_80' title='bbox 171 1452 363 1522; x_wconf 76' lang='lat' dir='ltr'>laxabatferro</span> <span class='ocrx_word' id='word_1_81' title='bbox 374 1462 524 1525; x_wconf 77' lang='lat' dir='ltr'>campumque</span> <span class='ocrx_word' id='word_1_82' title='bbox 532 1454 626 1524; x_wconf 83' lang='lat' dir='ltr'>pericla</span> <span class='ocrx_word' id='word_1_83' title='bbox 637 1453 722 1507; x_wconf 83' lang='lat' dir='ltr'>ruebat</span> 
     </span>
     <span class='ocr_line' id='line_1_15' title="bbox 100 1539 903 1613; baseline 0.009 -23"><span class='ocrx_word' id='word_1_84' title='bbox 100 1539 191 1590; x_wconf 85' lang='lat' dir='ltr'>Oxon.</span> <span class='ocrx_word' id='word_1_85' title='bbox 214 1548 319 1608; x_wconf 80' lang='lat' dir='ltr'>campum</span> <span class='ocrx_word' id='word_1_86' title='bbox 332 1558 362 1591; x_wconf 87' lang='lat' dir='ltr'>ac</span> <span class='ocrx_word' id='word_1_87' title='bbox 373 1541 493 1608; x_wconf 81' lang='lat' dir='ltr'>pericula.</span> <span class='ocrx_word' id='word_1_88' title='bbox 514 1540 576 1593; x_wconf 87' lang='lat' dir='ltr'>Put.</span> <span class='ocrx_word' id='word_1_89' title='bbox 587 1550 704 1610; x_wconf 75' lang='lat' dir='ltr'>caupone</span> <span class='ocrx_word' id='word_1_90' title='bbox 711 1543 814 1613; x_wconf 83' lang='lat' dir='ltr'>pericla.</span> <span class='ocrx_word' id='word_1_91' title='bbox 829 1543 903 1596; x_wconf 87' lang='lat' dir='ltr'>Gro·</span> 
     </span>
     <span class='ocr_line' id='line_1_16' title="bbox 100 1625 717 1696; baseline 0.006 -17"><span class='ocrx_word' id='word_1_92' title='bbox 100 1625 207 1690; x_wconf 85' lang='lat' dir='ltr'>novius,</span> <span class='ocrx_word' id='word_1_93' title='bbox 220 1643 301 1696; x_wconf 90' lang='lat' dir='ltr'>quem</span> <span class='ocrx_word' id='word_1_94' title='bbox 315 1627 398 1681; x_wconf 87' lang='lat' dir='ltr'>secuti</span> <span class='ocrx_word' id='word_1_95' title='bbox 410 1638 472 1684; x_wconf 90' lang='lat' dir='ltr'>sunt</span> <span class='ocrx_word' id='word_1_96' title='bbox 484 1627 576 1681; x_wconf 87' lang='lat' dir='ltr'>lieins.</span> <span class='ocrx_word' id='word_1_97' title='bbox 590 1639 617 1681; x_wconf 91' lang='lat' dir='ltr'>et</span> <span class='ocrx_word' id='word_1_98' title='bbox 630 1630 717 1683; x_wconf 86' lang='lat' dir='ltr'>Drak.</span> 
     </span>
    </p>

    <p class='ocr_par' dir='ltr' id='par_1_7' title="bbox 98 1717 904 2052">
     <span class='ocr_line' id='line_1_17' title="bbox 170 1717 769 1789; baseline 0.01 -21"><span class='ocrx_word' id='word_1_99' title='bbox 170 1717 284 1770; x_wconf 79' lang='lat' dir='ltr'>laxabat</span> <span class='ocrx_word' id='word_1_100' title='bbox 284 1718 361 1788; x_wconf 82' lang='lat' dir='ltr'>ferro</span> <span class='ocrx_word' id='word_1_101' title='bbox 371 1728 487 1787; x_wconf 75' lang='lat' dir='ltr'>compunt,</span> <span class='ocrx_word' id='word_1_102' title='bbox 500 1736 530 1770; x_wconf 82' lang='lat' dir='ltr'>oc</span> <span class='ocrx_word' id='word_1_103' title='bbox 537 1728 584 1787; x_wconf 82' lang='lat' dir='ltr'>per</span> <span class='ocrx_word' id='word_1_104' title='bbox 594 1719 679 1789; x_wconf 80' lang='lat' dir='ltr'>iniqua</span> <span class='ocrx_word' id='word_1_105' title='bbox 686 1720 769 1774; x_wconf 85' lang='lat' dir='ltr'>ruebat</span> 
     </span>
     <span class='ocr_line' id='line_1_18' title="bbox 99 1805 904 1876; baseline 0.006 -20"><span class='ocrx_word' id='word_1_106' title='bbox 99 1805 194 1858; x_wconf 88' lang='lat' dir='ltr'>Heins.</span> <span class='ocrx_word' id='word_1_107' title='bbox 205 1825 234 1858; x_wconf 86' lang='lat' dir='ltr'>ac</span> <span class='ocrx_word' id='word_1_108' title='bbox 242 1817 289 1876; x_wconf 83' lang='lat' dir='ltr'>per</span> <span class='ocrx_word' id='word_1_109' title='bbox 298 1808 346 1859; x_wconf 83' lang='lat' dir='ltr'>tela</span> <span class='ocrx_word' id='word_1_110' title='bbox 356 1805 440 1859; x_wconf 81' lang='lat' dir='ltr'>ruebat</span> <span class='ocrx_word' id='word_1_111' title='bbox 447 1806 610 1871; x_wconf 86' lang='lat' dir='ltr'>conjecerat:</span> <span class='ocrx_word' id='word_1_112' title='bbox 631 1816 659 1859; x_wconf 90' lang='lat' dir='ltr'>et</span> <span class='ocrx_word' id='word_1_113' title='bbox 671 1807 707 1861; x_wconf 92' lang='lat' dir='ltr'>sic</span> <span class='ocrx_word' id='word_1_114' title='bbox 718 1809 815 1862; x_wconf 85' lang='lat' dir='ltr'>excudi</span> <span class='ocrx_word' id='word_1_115' title='bbox 823 1809 904 1876; x_wconf 87' lang='lat' dir='ltr'>jussi-</span> 
     </span>
     <span class='ocr_line' id='line_1_19' title="bbox 98 1892 903 1949; baseline 0.004 -4"><span class='ocrx_word' id='word_1_116' title='bbox 98 1909 168 1945; x_wconf 87' lang='lat' dir='ltr'>mus.</span> <span class='ocrx_word' id='word_1_117' title='bbox 192 1893 340 1947; x_wconf 86' lang='lat' dir='ltr'>Nobiscum</span> <span class='ocrx_word' id='word_1_118' title='bbox 359 1892 422 1946; x_wconf 81' lang='lat' dir='ltr'>facit</span> <span class='ocrx_word' id='word_1_119' title='bbox 439 1892 534 1946; x_wconf 88' lang='lat' dir='ltr'>Lefeb.</span> <span class='ocrx_word' id='word_1_120' title='bbox 553 1893 688 1946; x_wconf 83' lang='lat' dir='ltr'>affirmans</span> <span class='ocrx_word' id='word_1_121' title='bbox 707 1894 829 1948; x_wconf 88' lang='lat' dir='ltr'>librarios</span> <span class='ocrx_word' id='word_1_122' title='bbox 849 1895 903 1949; x_wconf 80' lang='lat' dir='ltr'>sre-</span> 
     </span>
     <span class='ocr_line' id='line_1_20' title="bbox 99 1981 597 2052; baseline 0.002 -19"><span class='ocrx_word' id='word_1_123' title='bbox 99 1991 214 2051; x_wconf 91' lang='lat' dir='ltr'>quenter</span> <span class='ocrx_word' id='word_1_124' title='bbox 225 1983 237 2034; x_wconf 89' lang='lat' dir='ltr'>i</span> <span class='ocrx_word' id='word_1_125' title='bbox 247 1999 296 2052; x_wconf 91' lang='lat' dir='ltr'>pro</span> <span class='ocrx_word' id='word_1_126' title='bbox 305 1995 324 2046; x_wconf 86' lang='lat' dir='ltr'>t,</span> <span class='ocrx_word' id='word_1_127' title='bbox 337 1991 364 2033; x_wconf 87' lang='lat' dir='ltr'>et</span> <span class='ocrx_word' id='word_1_128' title='bbox 377 2001 389 2035; x_wconf 85' lang='lat' dir='ltr'><em>c</em></span> <span class='ocrx_word' id='word_1_129' title='bbox 400 1997 450 2049; x_wconf 93' lang='lat' dir='ltr'>pro</span> <span class='ocrx_word' id='word_1_130' title='bbox 462 2001 474 2033; x_wconf 93' lang='lat' dir='ltr'>e</span> <span class='ocrx_word' id='word_1_131' title='bbox 484 1981 597 2034; x_wconf 88' lang='lat' dir='ltr'>dedisse.</span> 
     </span>
    </p>

    <p class='ocr_par' dir='ltr' id='par_1_8' title="bbox 97 2070 904 2498">
     <span class='ocr_line' id='line_1_21' title="bbox 132 2070 904 2142; baseline -0.001 -15"><span class='ocrx_word' id='word_1_132' title='bbox 132 2080 194 2140; x_wconf 84' lang='lat'>338.</span> <span class='ocrx_word' id='word_1_133' title='bbox 214 2086 236 2125; x_wconf 83' lang='lat' dir='ltr'>et</span> <span class='ocrx_word' id='word_1_134' title='bbox 260 2071 360 2125; x_wconf 76' lang='lat' dir='ltr'>Poenim</span> <span class='ocrx_word' id='word_1_135' title='bbox 383 2072 492 2142; x_wconf 80' lang='lat' dir='ltr'>insurgit</span> <span class='ocrx_word' id='word_1_136' title='bbox 513 2073 552 2125; x_wconf 79' lang='lat' dir='ltr'>uz&#39;s</span> <span class='ocrx_word' id='word_1_137' title='bbox 572 2089 637 2124; x_wconf 82' lang='lat' dir='ltr'>soeua</span> <span class='ocrx_word' id='word_1_138' title='bbox 660 2071 780 2142; x_wconf 85' lang='lat' dir='ltr'>uirorum]</span> <span class='ocrx_word' id='word_1_139' title='bbox 804 2070 904 2126; x_wconf 75' lang='lat' dir='ltr'>Poenim</span> 
     </span>
     <span class='ocr_line' id='line_1_22' title="bbox 99 2159 904 2231; baseline 0.001 -19"><span class='ocrx_word' id='word_1_140' title='bbox 99 2161 193 2214; x_wconf 85' lang='lat' dir='ltr'>Barth.</span> <span class='ocrx_word' id='word_1_141' title='bbox 208 2161 300 2214; x_wconf 84' lang='lat' dir='ltr'>Heins.</span> <span class='ocrx_word' id='word_1_142' title='bbox 322 2170 349 2222; x_wconf 89' lang='lat' dir='ltr'>et</span> <span class='ocrx_word' id='word_1_143' title='bbox 367 2161 455 2214; x_wconf 79' lang='lat' dir='ltr'>Drak.</span> <span class='ocrx_word' id='word_1_144' title='bbox 483 2160 534 2213; x_wconf 89' lang='lat' dir='ltr'>Sed</span> <span class='ocrx_word' id='word_1_145' title='bbox 553 2176 603 2231; x_wconf 87' lang='lat' dir='ltr'>pro</span> <span class='ocrx_word' id='word_1_146' title='bbox 622 2160 660 2213; x_wconf 88' lang='lat' dir='ltr'>vis</span> <span class='ocrx_word' id='word_1_147' title='bbox 677 2177 741 2212; x_wconf 84' lang='lat' dir='ltr'>soeva</span> <span class='ocrx_word' id='word_1_148' title='bbox 760 2159 853 2211; x_wconf 89' lang='lat' dir='ltr'>Barth.</span> <span class='ocrx_word' id='word_1_149' title='bbox 866 2161 904 2213; x_wconf 84' lang='lat' dir='ltr'>vis</span> 
     </span>
     <span class='ocr_line' id='line_1_23' title="bbox 97 2229 902 2320; baseline -0.004 -18"><span class='ocrx_word' id='word_1_150' title='bbox 97 2229 189 2319; x_wconf 71' lang='lat' dir='ltr'>ssireta.</span> <span class='ocrx_word' id='word_1_151' title='bbox 204 2248 297 2302; x_wconf 83' lang='lat' dir='ltr'>Heins.</span> <span class='ocrx_word' id='word_1_152' title='bbox 309 2251 426 2302; x_wconf 71' lang='lat' dir='ltr'>viscora.</span> <span class='ocrx_word' id='word_1_153' title='bbox 449 2249 541 2320; x_wconf 88' lang='lat' dir='ltr'>Vulgo</span> <span class='ocrx_word' id='word_1_154' title='bbox 552 2248 691 2319; x_wconf 79' lang='lat' dir='ltr'>legebatur</span> <span class='ocrx_word' id='word_1_155' title='bbox 695 2257 770 2317; x_wconf 78' lang='lat' dir='ltr'>prena</span> <span class='ocrx_word' id='word_1_156' title='bbox 784 2247 902 2318; x_wconf 81' lang='lat' dir='ltr'>insurgit.</span> 
     </span>
     <span class='ocr_line' id='line_1_24' title="bbox 97 2335 903 2407; baseline -0.002 -18"><span class='ocrx_word' id='word_1_157' title='bbox 97 2337 171 2389; x_wconf 85' lang='lat' dir='ltr'>Edit.</span> <span class='ocrx_word' id='word_1_158' title='bbox 181 2337 271 2390; x_wconf 85' lang='lat' dir='ltr'>Parm.</span> <span class='ocrx_word' id='word_1_159' title='bbox 281 2346 350 2405; x_wconf 77' lang='lat' dir='ltr'>pene.</span> <span class='ocrx_word' id='word_1_160' title='bbox 371 2339 404 2389; x_wconf 90' lang='lat' dir='ltr'>ln</span> <span class='ocrx_word' id='word_1_161' title='bbox 414 2337 505 2390; x_wconf 85' lang='lat' dir='ltr'>Oxon.</span> <span class='ocrx_word' id='word_1_162' title='bbox 516 2347 592 2407; x_wconf 82' lang='lat' dir='ltr'>poenoe</span> <span class='ocrx_word' id='word_1_163' title='bbox 603 2335 710 2406; x_wconf 84' lang='lat' dir='ltr'>insurgit</span> <span class='ocrx_word' id='word_1_164' title='bbox 712 2336 758 2405; x_wconf 84' lang='lat' dir='ltr'>jus</span> <span class='ocrx_word' id='word_1_165' title='bbox 766 2346 788 2387; x_wconf 85' lang='lat' dir='ltr'>et</span> <span class='ocrx_word' id='word_1_166' title='bbox 792 2346 855 2404; x_wconf 84' lang='lat' dir='ltr'>pena</span> <span class='ocrx_word' id='word_1_167' title='bbox 863 2336 903 2387; x_wconf 84' lang='lat' dir='ltr'>vi-</span> 
     </span>
     <span class='ocr_line' id='line_1_25' title="bbox 97 2424 904 2498; baseline -0.004 -19"><span class='ocrx_word' id='word_1_168' title='bbox 97 2444 187 2479; x_wconf 85' lang='lat' dir='ltr'>rorum.</span> <span class='ocrx_word' id='word_1_169' title='bbox 207 2427 240 2477; x_wconf 94' lang='lat' dir='ltr'>In</span> <span class='ocrx_word' id='word_1_170' title='bbox 252 2425 323 2478; x_wconf 90' lang='lat' dir='ltr'>Cod.</span> <span class='ocrx_word' id='word_1_171' title='bbox 338 2424 399 2478; x_wconf 91' lang='lat' dir='ltr'>Col.</span> <span class='ocrx_word' id='word_1_172' title='bbox 410 2436 483 2495; x_wconf 84' lang='lat' dir='ltr'>poeno</span> <span class='ocrx_word' id='word_1_173' title='bbox 494 2427 602 2498; x_wconf 79' lang='lat' dir='ltr'>insurgit</span> <span class='ocrx_word' id='word_1_174' title='bbox 618 2427 655 2478; x_wconf 69' lang='lat' dir='ltr'>urs</span> <span class='ocrx_word' id='word_1_175' title='bbox 664 2443 729 2477; x_wconf 84' lang='lat' dir='ltr'>soeva</span> <span class='ocrx_word' id='word_1_176' title='bbox 741 2425 848 2477; x_wconf 73' lang='lat' dir='ltr'>virorum</span> <span class='ocrx_word' id='word_1_177' title='bbox 855 2444 863 2491; x_wconf 89' lang='lat'>;</span> <span class='ocrx_word' id='word_1_178' title='bbox 875 2434 904 2476; x_wconf 87' lang='lat' dir='ltr'>et</span> 
     </span>
    </p>
   </div>
   <div class='ocr_carea' id='block_1_4' title="bbox 98 2512 902 2672">
    <p class='ocr_par' dir='ltr' id='par_1_9' title="bbox 98 2512 902 2672">
     <span class='ocr_line' id='line_1_26' title="bbox 98 2512 747 2594; baseline 0.002 -30"><span class='ocrx_word' id='word_1_179' title='bbox 98 2513 134 2566; x_wconf 89' lang='lat' dir='ltr'>sic</span> <span class='ocrx_word' id='word_1_180' title='bbox 147 2512 241 2565; x_wconf 85' lang='lat' dir='ltr'>Lefeb.</span> <span class='ocrx_word' id='word_1_181' title='bbox 253 2522 325 2584; x_wconf 78' lang='lat' dir='ltr'>puna</span> <span class='ocrx_word' id='word_1_182' title='bbox 337 2530 386 2582; x_wconf 91' lang='lat' dir='ltr'>pro</span> <span class='ocrx_word' id='word_1_183' title='bbox 398 2514 485 2578; x_wconf 76' lang='lat' dir='ltr'>Pena,</span> <span class='ocrx_word' id='word_1_184' title='bbox 500 2514 595 2594; x_wconf 84' lang='lat' dir='ltr'>Punica</span> <span class='ocrx_word' id='word_1_185' title='bbox 607 2512 747 2583; x_wconf 87' lang='lat' dir='ltr'>accipiens.</span> 
     </span>
     <span class='ocr_line' id='line_1_27' title="bbox 132 2598 902 2672; baseline -0.004 -17"><span class='ocrx_word' id='word_1_186' title='bbox 132 2608 193 2666; x_wconf 81' lang='lat'>380.</span> <span class='ocrx_word' id='word_1_187' title='bbox 213 2601 290 2672; x_wconf 70' lang='lat' dir='ltr'>viri]</span> <span class='ocrx_word' id='word_1_188' title='bbox 312 2599 354 2654; x_wconf 89' lang='lat' dir='ltr'>Sic</span> <span class='ocrx_word' id='word_1_189' title='bbox 367 2601 456 2654; x_wconf 90' lang='lat' dir='ltr'>Codd.</span> <span class='ocrx_word' id='word_1_190' title='bbox 472 2602 533 2655; x_wconf 91' lang='lat' dir='ltr'>Col.</span> <span class='ocrx_word' id='word_1_191' title='bbox 556 2611 583 2653; x_wconf 89' lang='lat' dir='ltr'>et</span> <span class='ocrx_word' id='word_1_192' title='bbox 601 2601 655 2652; x_wconf 87' lang='lat' dir='ltr'>Ox.</span> <span class='ocrx_word' id='word_1_193' title='bbox 683 2598 740 2652; x_wconf 86' lang='lat' dir='ltr'>Alii</span> <span class='ocrx_word' id='word_1_194' title='bbox 758 2600 822 2652; x_wconf 85' lang='lat' dir='ltr'>viro.</span> <span class='ocrx_word' id='word_1_195' title='bbox 851 2599 902 2652; x_wconf 89' lang='lat' dir='ltr'>Sed</span> 
     </span>
    </p>
   </div>
   <div class='ocr_carea' id='block_1_5' title="bbox 96 2689 901 2940">
    <p class='ocr_par' dir='ltr' id='par_1_10' title="bbox 96 2689 901 2940">
     <span class='ocr_line' id='line_1_28' title="bbox 96 2689 596 2767; baseline 0 -26"><span class='ocrx_word' id='word_1_196' title='bbox 96 2689 158 2742; x_wconf 91' lang='lat' dir='ltr'>vide</span> <span class='ocrx_word' id='word_1_197' title='bbox 169 2707 198 2742; x_wconf 88' lang='lat' dir='ltr'>v.</span> <span class='ocrx_word' id='word_1_198' title='bbox 213 2696 274 2754; x_wconf 83' lang='lat'>382.</span> <span class='ocrx_word' id='word_1_199' title='bbox 289 2690 399 2743; x_wconf 88' lang='lat' dir='ltr'>Retinet</span> <span class='ocrx_word' id='word_1_200' title='bbox 411 2690 488 2767; x_wconf 87' lang='lat' dir='ltr'>vulg.</span> <span class='ocrx_word' id='word_1_201' title='bbox 503 2689 596 2742; x_wconf 86' lang='lat' dir='ltr'>Lefeb.</span> 
     </span>
     <span class='ocr_line' id='line_1_29' title="bbox 131 2777 901 2851; baseline -0.001 -21"><span class='ocrx_word' id='word_1_202' title='bbox 131 2799 193 2845; x_wconf 84' lang='lat'>407.</span> <span class='ocrx_word' id='word_1_203' title='bbox 214 2779 297 2830; x_wconf 89' lang='lat' dir='ltr'>Deest</span> <span class='ocrx_word' id='word_1_204' title='bbox 308 2779 406 2834; x_wconf 89' lang='lat' dir='ltr'>vocula</span> <span class='ocrx_word' id='word_1_205' title='bbox 417 2790 439 2834; x_wconf 82' lang='lat' dir='ltr'>et</span> <span class='ocrx_word' id='word_1_206' title='bbox 448 2779 518 2833; x_wconf 86' lang='lat' dir='ltr'>inter</span> <span class='ocrx_word' id='word_1_207' title='bbox 521 2780 600 2851; x_wconf 84' lang='lat' dir='ltr'>juxta</span> <span class='ocrx_word' id='word_1_208' title='bbox 609 2786 636 2832; x_wconf 90' lang='lat' dir='ltr'>et</span> <span class='ocrx_word' id='word_1_209' title='bbox 644 2777 767 2832; x_wconf 84' lang='lat' dir='ltr'>velamine.</span> <span class='ocrx_word' id='word_1_210' title='bbox 788 2777 901 2841; x_wconf 79' lang='lat' dir='ltr'>lustras.</span> 
     </span>
     <span class='ocr_line' id='line_1_30' title="bbox 97 2867 318 2940; baseline 0.005 -20"><span class='ocrx_word' id='word_1_211' title='bbox 97 2867 211 2940; x_wconf 82' lang='lat' dir='ltr'>benigne</span> <span class='ocrx_word' id='word_1_212' title='bbox 224 2867 318 2921; x_wconf 89' lang='lat' dir='ltr'>lector.</span> 
     </span>
    </p>
   </div>
   <div class='ocr_carea' id='block_1_6' title="bbox 0 0 1010 3450">
    <p class='ocr_par' dir='ltr' id='par_1_11' title="bbox 0 0 1010 3450">
     <span class='ocr_line' id='line_1_31' title="bbox 0 0 1010 3450; baseline 0 2"><span class='ocrx_word' id='word_1_213' title='bbox 0 0 1010 3450; x_wconf 95' lang='lat' dir='ltr'> </span> 
     </span>
    </p>
   </div>
  </div>
 </body>
</html>
