2010 3450
312 306 404 351 assu
422 306 492 350 xm.
527 311 718 364 vars-144.
883 300 915 364 85

111 410 201 469 Cerva
212 412 275 479 fuit,
287 430 351 468 raro
361 414 440 467 terris
450 425 567 486 spectata
577 414 685 482 colore,

110 509 180 582 Qae
188 504 310 563 candore
323 503 422 570 nivem,
434 505 550 558 candore
563 507 675 559 anteiret
686 504 784 560 olores.

108 594 184 648 lianc
195 602 302 664 agreste
314 593 404 662 Capys
415 592 526 659 donum,
540 611 601 649 cum
613 594 712 648 moenia
724 594 801 648 sulco

109 683 242 754 signaret,
254 691 332 752 grato
343 697 435 752 parvae
446 681 567 735 mollitus
577 698 677 747 amore,

107 769 256 834 Nutrierat,
266 778 411 838 sensusque
422 768 538 821 hominis
549 768 662 823 donlrat
673 769 780 824 alendo.

106 858 174 911 l‘nde
185 868 270 911 exuta
280 856 375 922 feram,
389 855 535 927 docilisque
544 859 667 912 accedere
679 859 785 924 mensis,

107 945 199 1014 Atque
211 944 285 999 ultro
296 944 397 997 blanda
407 954 508 998 attactu
519 947 651 1017 gaudebat
662 946 749 999 herili.

106 1033 214 1087 Aurato
226 1042 325 1086 nratres
337 1042 449 1086 assuetae
460 1035 563 1102 pectine
574 1034 667 1089 mitem
696 1083 699 1090 .

106 1120 231 1185 Comere,
243 1131 271 1174 et
282 1122 405 1175 humenti
418 1121 500 1175 fluvio
512 1139 638 1176 revocare
649 1124 775 1178 colorem.

103 1210 213 1262 Numen
223 1218 280 1262 erat
288 1209 347 1274 jam
357 1226 438 1263 cerva
449 1210 516 1263 loci:
537 1209 716 1283 famulamque
728 1213 824 1266 Dianas

104 1295 269 1360 Credebant,
281 1313 313 1349 ac
323 1295 405 1350 thura
416 1296 507 1350 Dellm
519 1298 552 1351 de
565 1316 638 1352 more
649 1300 791 1355 dabantur.

103 1384 180 1448 Hac,
193 1382 245 1436 aevi
256 1382 374 1453 vitaeque
385 1395 474 1451 tenax,
488 1385 605 1456 felixque
616 1400 749 1442 senectam

104 1473 185 1526 Mille
197 1471 343 1527 indefessos
355 1474 469 1529 viridem
480 1476 587 1530 duxisse
599 1494 647 1547 per
658 1495 750 1543 annos,

104 1559 244 1615 Seclorum
256 1577 368 1614 numero
380 1563 508 1630 Troianis
519 1565 625 1618 condita
637 1576 706 1619 tecta

102 1648 256 1716 AEquabat;
276 1650 322 1702 sed
335 1649 407 1704 enim
418 1652 499 1723 longo
511 1670 565 1706 nox
578 1665 688 1708 venerat
699 1671 769 1708 aevo.

101 1739 183 1803 Nam,
196 1737 286 1791 subito
297 1738 407 1793 incursu
419 1757 554 1795 saevorum
566 1743 664 1813 agitata
677 1743 815 1813 luporum,

103 1825 160 1900 Qu
172 1825 258 1880 noctis
268 1827 385 1880 tenebris
396 1829 491 1881 urbem
505 1830 667 1898 (miserabile
678 1831 751 1884 bello

101 1917 272 1989 Prodigium)
285 1916 427 1984 intrarant,
442 1919 542 1988 primos
552 1920 587 1973 ad
600 1918 708 1972 luminis
720 1928 795 1971 ortus

100 2006 246 2060 Extulerat
257 2022 313 2059 sese
325 2005 418 2077 portis,
432 2005 581 2078 pavidaque
593 2007 700 2076 petebat

101 2093 280 2147 Consternata
291 2092 356 2164 fuga
367 2092 467 2164 positos
477 2092 511 2146 ad
524 2093 622 2146 moenia
633 2109 751 2162 campos.

99 2183 250 2253 Exceptam
261 2183 325 2236 laeto
332 2185 465 2250 juvenum
477 2183 620 2237 certamine
629 2184 727 2239 ductor

99 2273 217 2338 Mactat,
232 2273 313 2338 Diva,
331 2272 389 2338 tibi,
403 2272 451 2326 tibi
463 2273 535 2325 enim
547 2274 605 2327 haec
616 2274 765 2345 gratissima
776 2288 858 2339 sacra,

99 2361 223 2427 Fulvius,
236 2371 327 2432 atque,
340 2360 419 2426 adsis,
431 2371 501 2425 orat,
515 2361 636 2427 Latonia,
649 2361 754 2432 coeptis.

98 2450 177 2515 Inde,
190 2449 278 2503 alacer
289 2448 427 2517 fidensque
439 2449 507 2515 Dea,
521 2449 685 2504 circumdata
696 2447 791 2503 clausis

98 2537 188 2590 Arma
199 2546 302 2601 movet,
315 2551 420 2606 quaque
431 2536 543 2607 obliquo
554 2546 704 2591 curvantur
714 2537 742 2591 in
754 2535 848 2592 orbem

98 2624 206 2678 Moenia
217 2624 288 2677 liena
299 2623 369 2689 sinu,
384 2624 467 2694 spissa
478 2625 577 2678 vallata
587 2642 686 2680 corona

97 2714 213 2785 Alligat,
226 2724 253 2768 et
265 2713 325 2766 telis
336 2712 363 2772 in
373 2730 476 2767 morem
487 2713 618 2785 indaginis
628 2713 722 2768 ambit.

98 2802 174 2855 Dum
184 2801 316 2871 pavitant,
329 2800 476 2871 spumantis
487 2801 549 2870 equi
562 2800 618 2854 fera
629 2801 710 2857 corda
719 2801 843 2874 fatigans,

97 2889 231 2943 Evehitur
241 2897 322 2959 porta
333 2887 455 2941 sublimis
465 2890 575 2942 Taurea
585 2888 672 2944 cristis

98 2978 232 3047 bellator,
252 2976 298 3034 cui
309 2977 433 3034 Sidonius
444 2994 570 3051 superare
581 2979 681 3034 lacerto
