2010 3450
97 288 130 353 5⁶
309 294 399 335 ursan
417 293 474 334 xu.
511 293 539 332 r.
554 283 690 345 85-rr4;

98 406 189 471 Atque
201 399 246 456 hic
257 399 422 473 perlustrans
434 397 530 461 aditus,
545 397 676 468 fulgentia
687 398 773 452 oemit
833 402 836 406 '

99 491 179 545 Arcis
190 488 290 559 templa
298 489 374 559 jugo,
388 503 504 556 quorum
515 497 575 539 tum
586 487 702 551 Virrius,
715 487 779 540 altae

99 578 214 633 Immitis
224 578 322 632 ductor
334 576 445 646 Capuae,
458 574 604 646 primordia
615 578 719 646 pandit.

99 668 160 720 Non
172 675 211 718 est
222 665 282 730 hoc,
295 663 391 736 inquit,
404 662 497 727 nostri,
512 663 584 732 quod
596 664 717 735 suspicis,
737 666 805 720 aevit

99 755 220 820 Majores
233 753 319 807 fecere
330 768 433 806 manus.
455 751 528 804 Cum
541 751 617 805 bella
628 753 736 807 timeret
748 788 750 795 ·

100 841 196 896 Dicta-i
209 841 287 911 regis,
300 841 337 895 sic
349 841 418 894 fama
428 850 478 905 est,
491 840 612 910 linquere
625 850 710 895 terras

99 930 227 984 Daedalus
237 930 349 995 invenit,
360 946 413 983 nec¹
420 940 477 983 toto
489 929 564 1001 signa
576 930 700 1000 sequenti

99 1018 174 1071 Orbe
185 1018 257 1082 dare,
272 1017 394 1071 aetherias
405 1017 491 1071 aliena
503 1016 598 1070 tollere
610 1017 636 1068 in
649 1033 729 1070 auras
813 1062 816 1067 .

101 1107 195 1158 Ausus
208 1121 233 1157 se
246 1121 342 1174 penna,
355 1114 434 1174 atque
446 1104 549 1157 homini
561 1114 709 1157 monstrare
720 1103 838 1159 volatus.

101 1194 265 1262 Suspensum
277 1193 319 1247 hic
330 1193 430 1246 librans
443 1193 531 1246 media
542 1192 611 1246 inter
622 1191 715 1246 nubila
726 1209 830 1264 eorpus

99 1279 209 1344 Enavit,
223 1281 389 1349 Superosque
400 1296 486 1332 novus
498 1278 645 1343 conterruit
656 1274 722 1333 ales.

101 1370 204 1422 Natum
215 1369 295 1421 etiam
306 1368 397 1421 docuit
408 1367 482 1420 falsae
494 1367 543 1420 sub
555 1367 673 1438 imagine
686 1368 789 1436 plumae

105 1459 247 1512 Attentare
259 1456 483 1510 viasvolucrum:
503 1455 662 1527 lapsumque
676 1456 770 1510 solutis

104 1546 256 1602 Pennarum
269 1544 356 1610 remis,
370 1555 397 1598 et
409 1562 462 1599 non
475 1543 597 1598 felicibus
608 1544 657 1598 alis

102 1634 229 1688 Turbida
240 1632 411 1703 plaudentem
422 1631 490 1685 vidit
502 1631 579 1685 freta.
602 1631 720 1699 dumque
733 1631 823 1686 dolori

104 1720 230 1792 Indulget
242 1721 339 1785 subito,
353 1722 432 1774 motis
441 1722 477 1775 ad
488 1728 597 1790 pectora
609 1720 715 1793 palmis,
759 1741 765 1750 ·

44 1810 47 1815 ’
104 1808 215 1863 Nescius
228 1808 294 1862 heul
315 1809 425 1880 planctu
436 1808 514 1862 duxit
527 1807 684 1862 moderante
695 1807 814 1861 volatus.

104 1896 158 1953 Hic
170 1916 220 1969 pro
232 1898 366 1970 nubiuago
379 1909 471 1970 gratus
483 1899 526 1970 pia
537 1897 638 1970 templa
650 1909 741 1953 meatu

105 1986 224 2040 Instituit
235 1988 348 2053 Phoebo,
361 1998 440 2054 atque
452 1987 563 2041 audaces
575 1988 651 2040 exuit
662 1986 728 2040 alas.

104 2075 211 2130 Virrius
223 2076 291 2131 haec.
312 2077 364 2130 Sed
375 2075 448 2129 enim
459 2076 556 2129 ductor
568 2075 727 2128 numerabat
741 2074 841 2130 inertes

105 2167 198 2235 Atque
210 2176 283 2218 actm
295 2164 350 2218 sine
362 2167 454 2218 Marte
466 2165 531 2229 dies,
544 2182 574 2218 ac
589 2175 659 2217 stare
672 2163 802 2236 pudebat.

105 2254 221 2324 Ingemit
232 2254 358 2318 adversis,
372 2263 574 2321 respectansque
589 2253 665 2306 irrita
677 2264 765 2323 coepta

107 2342 182 2395 Urbe
195 2341 350 2396 Dicarchaea
362 2352 437 2413 parat
448 2342 578 2396 exsatiare
590 2343 720 2396 dolorem.

108 2428 161 2482 Hic
171 2446 277 2499 quoque
289 2446 359 2483 nunc
371 2429 489 2500 pelagus,
504 2446 574 2484 nunc
586 2430 656 2483 muri
669 2447 748 2485 saxea
760 2433 846 2488 moles

107 2516 197 2568 Officit
208 2517 326 2581 audenti,
339 2515 579 2586 defensantumque
591 2518 706 2571 labores.

108 2605 235 2674 Dumque
247 2615 319 2657 tenet
331 2604 424 2668 socios,
437 2605 505 2658 dura
517 2616 599 2674 atque
611 2606 725 2677 obsepta
737 2607 849 2678 viarum

107 2693 246 2760 Rumpere
259 2692 379 2756 nitentes,
394 2692 481 2746 lentus
493 2692 583 2758 labor3
604 2692 660 2762 ipse
672 2693 830 2767 propinqua

108 2783 269 2851 stagnorum
281 2792 411 2848 terraeque
424 2781 502 2834 simul
514 2781 643 2835 miracula
654 2781 761 2838 lustrat.

109 2871 243 2923 Primores
254 2871 351 2923 adsunt
363 2871 473 2940 Capuae,
487 2871 565 2925 docet
577 2870 631 2936 ille,
645 2882 766 2941 tepentes

107 2959 186 3013 Unde
198 2958 285 3014 ferant
297 2975 393 3013 nomen
404 2959 486 3028 Bajae,
499 2959 676 3030 comitemque
689 2961 792 3017 dedisse
