2010 3450
299 267 390 308 um
409 267 480 313 xm·
516 270 545 307 v,
559 260 707 321 355-384·
873 275 904 327 93

98 373 253 441 Poculaque
264 371 324 426 an
336 372 434 426 luxum
446 371 578 425 irritantia
589 389 706 443 gemma.

98 468 156 520 Nec
166 461 265 516 modus
276 472 399 532 argento,
410 460 555 529 caelataque
568 462 686 530 pondera
697 461 759 516 facti

97 557 223 608 Tantum
235 549 325 622 epulis
335 549 403 614 auri,
417 559 478 602 tum
488 549 585 620 passim
596 566 709 620 corpora
720 549 802 622 longo

98 641 203 695 Ordine
212 637 330 710 captiva,
342 647 370 690 et
380 637 505 690 domibus
515 637 654 706 depromta
665 637 774 705 talenta,

100 729 212 782 Pascere
226 725 407 797 longinquum
417 742 471 778 non
483 724 631 778 deficientia
641 709 756 792 bellum,

101 815 287 886 Immensique
298 831 393 886 greges
400 812 510 867 famulae
520 812 553 866 ad
565 813 687 867 convivia
699 815 795 869 turbae.

102 904 227 969 Fulvius,
240 912 271 968 ut
282 901 364 956 finem
376 901 518 974 spoliandis
530 901 642 967 aedibus,
657 918 709 955 aere

104 992 239 1065 belligero
252 1000 404 1055 revocante,
418 990 500 1054 dedit,
510 988 630 1042 sublimis
640 990 675 1043 ab
686 990 741 1043 alto

104 1084 247 1153 Suggestu,
259 1079 363 1150 magnis
375 1078 465 1133 fautor
475 1094 529 1130 non
543 1076 628 1131 futilis
638 1078 724 1132 ausis:

105 1171 226 1224 Lanuvio
235 1178 371 1240 generate,
384 1167 479 1235 inquit,
494 1182 573 1234 quem
586 1167 689 1236 Sospita
699 1169 771 1235 Juno

105 1259 160 1313 Dat
172 1257 260 1322 nobis,
273 1255 355 1323 Milo,
367 1255 481 1309 Gradivi
493 1271 558 1325 cape
566 1253 656 1308 ¹victor
667 1256 808 1323 honorem,

104 1349 245 1417 Tempora
256 1343 355 1397 murali
367 1343 469 1397 cinctus
481 1342 577 1395 turrita
585 1359 692 1396 corona.

104 1435 182 1488 Tum
193 1442 282 1486 sontes
293 1447 435 1501 procerum
448 1430 609 1502 meritosque
621 1431 724 1501 piacula
736 1431 822 1504 prima

107 1522 207 1588 Acciit,
220 1531 247 1574 et
255 1520 329 1586 justa
340 1519 418 1591 punit
429 1518 569 1572 commissa
581 1519 675 1572 securi.

105 1607 159 1662 Hic
170 1617 249 1661 atrox
262 1605 357 1671 virtus,
373 1608 434 1674 (nec
446 1606 517 1658 enirn
527 1606 673 1659 occuluisse
685 1605 824 1677 probarim

106 1699 262 1768 Spectatum
273 1694 317 1748 vel
329 1694 357 1747 in
369 1694 444 1747 hoste
456 1693 548 1763 decus)
561 1693 677 1748 clamore
689 1695 781 1762 feroci,

105 1787 225 1849 Taurea,
238 1785 329 1848 Tune,
343 1782 440 1853 inquit,
454 1780 526 1835 ferro
539 1781 664 1853 spoliabis
675 1783 777 1837 inultus

105 1874 150 1927 Te
161 1873 292 1940 majorem
303 1872 433 1924 animam?
452 1881 479 1923 et
487 1871 562 1937 jusso
573 1869 667 1924 lictore
678 1873 760 1926 recisa

107 1963 226 2032 ignavos
236 1959 313 2014 cadet
325 1968 386 2012 ante
398 1957 478 2029 pedes
490 1957 634 2012 fortissima
643 1960 753 2014 cervix?

106 2049 188 2104 Haud
198 2064 319 2119 unquam
328 2048 380 2102 hoc
391 2046 469 2100 vobis
481 2047 582 2100 dederit
596 2048 681 2101 Deus.
701 2049 778 2115 Inde,
790 2050 891 2111 minaci

107 2138 217 2207 obtutu
231 2147 342 2190 torvum
352 2143 446 2190 contra
455 2145 482 2188 et
494 2134 589 2188 furiale
600 2135 733 2202 renidens,

107 2225 272 2280 bellatorem
282 2223 371 2278 alacer
382 2239 431 2293 per
441 2232 549 2294 pectora
560 2223 682 2295 transigit
692 2241 793 2278 ensem.

107 2318 161 2373 Cui
172 2318 280 2381 ductor,
292 2315 411 2370 Patriam
421 2313 537 2368 moriens
548 2314 676 2369 comitare
687 2314 836 2372 cadentem.

108 2406 165 2480 Qui
176 2405 253 2458 nobis
262 2402 379 2468 animus,
393 2420 455 2472 quae
465 2402 585 2467 dextera,
597 2401 696 2471 quidve
707 2399 809 2455 viritim

107 2496 242 2549 Decernet
253 2493 379 2546 Mavors.
399 2490 458 2554 tibi,
469 2490 491 2542 si
503 2489 596 2543 rebare
608 2487 764 2560 pudendum

107 2585 185 2652 Jussa
197 2581 262 2652 pati,
277 2580 352 2636 licuit
365 2578 492 2651 pugnanti
503 2578 663 2632 occumbere
673 2577 769 2631 letum.

109 2673 184 2726 Dum
195 2672 290 2740 Capua
300 2668 440 2723 infandam
448 2666 499 2721 luit
511 2666 583 2721 haud
592 2667 647 2720 sine
659 2667 785 2739 sanguine
795 2667 913 2742 culpam,

108 2763 214 2814 Interea
224 2756 346 2830 geminos
358 2768 430 2810 terra
441 2756 558 2810 crudelis
570 2755 650 2808 lbera

108 2849 228 2901 Fortuna
238 2844 397 2911 abstulerat,
411 2843 571 2915 permiscens
583 2842 670 2897 tristia
680 2843 758 2910 laetis,

109 2933 254 3031 Scipiades,
266 2925 450 3008 magnumque
461 2931 554 3000 decus
565 2947 746 3006 magnumque
756 2933 886 2990 dolorem.
