2010 3450
110 271 151 331 422
327 267 424 320 arian
437 279 482 320 xl.
519 281 548 319 v.
563 268 713 337 565—594.

113 383 191 459 Quid
203 384 288 440 serat:
303 384 376 439 haud
388 383 462 438 aliud
473 385 551 439 nobis
561 401 669 440 censere
680 384 807 443 relictum
817 399 868 445 est.

109 474 189 539 Tela,
201 475 285 539 viros,
297 491 405 539 aurum,
419 474 524 538 classes,
538 474 665 528 alimenta
676 485 815 546 precatur,

112 562 325 634 belligeramque
338 562 432 615 feram.
452 560 548 614 Victus
559 579 611 614 non
625 560 704 633 plura
715 562 839 634 petisset.

110 653 244 724 Sanguine
257 651 395 706 Dardanio
407 651 526 710 Rutulos
539 651 719 704 saturavimus
730 669 820 724 agros,

109 740 145 793 Et
154 741 224 807 jacet
235 740 263 793 in
274 736 373 810 campis
385 739 503 793 Latium.
524 740 667 811 Deponere
678 757 758 794 curas

108 827 234 881 Tandem
244 843 319 896 ergo,
333 826 414 892 bone,
427 826 471 890 da,
484 825 581 891 victor,
594 826 726 897 liceatque
738 829 832 885 sedere

108 918 142 970 In
154 915 253 988 patria;
268 915 346 970 liceat
359 931 413 968 non
424 913 566 968 exhaurire
579 915 681 987 rapacis

108 1003 240 1073 Impensis
248 1003 313 1057 belli
324 1013 451 1057 vacuatos
463 1020 534 1074 saepe
546 1014 663 1074 penates.

35 1149 38 1154 Α
107 1094 243 1157 Numen,
255 1109 337 1158 nunc,
350 1091 470 1163 inquam,
485 1090 565 1159 (salsa
576 1100 608 1151 ut
620 1091 749 1164 praesagia
760 1103 855 1148 nostn

108 1181 176 1246 Sint,
190 1198 248 1246 oro,
262 1197 389 1249 mensque
401 1181 513 1251 augurio
525 1179 637 1234 ludatur
647 1179 733 1249 inani)

106 1270 187 1324 Haud
196 1269 290 1340 procul
299 1279 340 1323 est
352 1269 457 1322 funesta
467 1267 533 1321 dies.
553 1268 667 1323 Atrocia
678 1268 742 1323 novi

107 1358 207 1425 Corda,
219 1375 250 1412 ac
263 1356 394 1429 prospicio
406 1367 481 1412 natas
491 1373 507 1410 e
518 1355 641 1423 cladibus
651 1357 713 1411 iras.

105 1446 162 1500 Vos
172 1463 233 1518 ego,
245 1462 295 1500 vos
306 1455 408 1510 metuo,
422 1445 533 1499 Cannae.
555 1445 710 1499 Submittite
720 1445 806 1518 signa,

105 1532 201 1605 Atque'
211 1532 278 1587 adeo
290 1541 399 1597 tentate,
413 1531 539 1602 agedum,
552 1549 583 1586 ac
594 1532 729 1602 deposcite
740 1550 851 1604 pacem:

104 1622 167 1676 Non
179 1621 297 1674 dabitur.
318 1620 397 1674 Parat
408 1618 453 1672 ille
464 1618 544 1673 dolor
556 1619 637 1688 (mihi
649 1619 762 1690 credite)
774 1623 864 1689 majus

105 1709 229 1764 Exitium
240 1719 362 1780 accepto:
384 1708 517 1778 citiusque
527 1709 586 1761 haec
597 1708 700 1761 foedera
710 1709 809 1778 victor,

105 1801 197 1871 Qum
208 1797 307 1863 victus,
319 1797 405 1851 dabit.
425 1799 519 1867 Atque
531 1795 607 1860 adeo,
620 1797 667 1866 qui
678 1807 753 1850 tanta
765 1798 885 1870 superbo

104 1888 185 1940 Facta
194 1903 271 1939 sonas
283 1903 339 1952 ore,
353 1894 380 1939 et
394 1885 527 1957 spumanti
536 1885 645 1939 turbine
657 1885 757 1956 perflas

104 1974 283 2045 Ignorantum
294 1988 381 2037 aures,
392 1972 445 2037 dic,
458 1989 502 2038 en,
515 1989 658 2044 germanus
669 1973 697 2027 in
710 1977 791 2030 armis

103 2060 155 2114 Ille
166 2072 230 2115 tuus
243 2078 292 2132 par
303 2060 437 2126 Gradivo,
451 2079 499 2132 per
511 2063 599 2117 secula
611 2062 693 2116 tellus

104 2150 157 2204 Cui
170 2149 282 2204 similem
294 2166 432 2220 nunquam
442 2150 584 2205 ductorem
595 2151 622 2204 in
633 2151 707 2206 bella
717 2151 830 2220 creavit,

103 2238 211 2294 Moenia
222 2238 365 2292 Romuleae
373 2253 423 2292 cur
434 2239 557 2293 nondum
567 2240 667 2295 viderit
678 2242 769 2296 urbis?

102 2327 208 2382 Scilicet
219 2345 234 2381 e
246 2327 348 2399 gremio
360 2337 478 2381 matrum
489 2327 624 2398 rapiamus
637 2330 663 2384 in
675 2330 782 2384 hostem

102 2416 232 2471 Nondum
242 2416 380 2486 portandis
392 2415 495 2470 habiles
506 2417 677 2489 gravioribus
688 2419 785 2473 armis?

100 2505 211 2560 AErans
219 2505 286 2570 jussi
297 2515 420 2560 texamus
431 2505 504 2559 mille
516 2505 629 2573 carinas,

101 2594 194 2662 Atque
205 2593 291 2647 omnis
304 2593 396 2663 Libyae
408 2605 543 2663 quaeratur
554 2596 634 2650 belua
645 2596 726 2658 terris
734 2605 747 2650 t

100 2682 138 2735 Ut
149 2681 228 2752 longa
240 2681 360 2750 imperia,
374 2692 454 2753 atque
465 2693 582 2737 armatos
594 2695 722 2754 pmroget
732 2701 819 2740 annos

100 2768 244 2833 Hannibal,
257 2779 284 2822 et
296 2787 409 2841 regnum
421 2771 508 2824 trahat
520 2788 604 2840 usque
616 2773 642 2824 in
653 2781 775 2842 tempora
786 2772 836 2828 fati
848 2783 857 2828 l

98 2858 155 2910 Vos
167 2873 241 2923 vero,
255 2859 437 2926 (nequeenim
447 2859 554 2914 occulto
566 2859 765 2915 circumdamur
776 2865 850 2931 astu)

97 2946 142 3002 Ne
148 2944 243 3000 dulces
254 2945 365 3018 spoliate
376 2947 484 3016 domos5
498 2948 645 3022 castrisque
656 2961 802 3023 potentum
901 2990 907 3000 ·
