2010 3450
145 245 195 294 ²42
491 234 600 284 tow.

182 365 244 416 435.
262 349 341 422 at'as]
359 347 402 404 Sic
419 348 634 420 vulg.-Colon.
647 348 719 402 alios.
746 346 843 402 Heius.
865 349 951 405 Dnlt.

148 446 175 490 et
186 436 281 491 Lefeb.
294 437 437 493 alie-Nil
450 447 596 492 mutamus.

184 538 246 597 508.
264 530 390 603 secundat]
418 529 529 600 Vulgat.
550 543 613 582 cum
637 528 783 583 Lefeburio
805 529 952 601 sequimur.

151 619 237 673 Drak.
248 621 378 674 secundant
388 636 404 673 e
416 619 478 673 col.
490 627 519 694 et
531 618 622 671 Oxon.

185 724 245 773 5²³·
266 707 387 780 vt'bravit]
406 706 494 761 codd.
515 706 576 759 Col.
592 717 619 759 et
631 706 706 760 Tell.
721 705 794 760 Edd.
813 705 910 777 Pomp.
929 716 955 759 et

151 795 218 848 Ben.
232 796 265 848 ln
276 795 335 849 aliis
343 795 594 851 libravit.—Cell.et
602 795 688 848 Drak.
699 794 828 847 libavitex
835 795 952 852 Heinsio.

151 880 277 935 ‘Vibrare
296 881 366 935 idem
385 894 425 936 est
446 889 477 937 ac
496 895 654 954 contorquere.
695 881 800 952 Agitur
814 893 907 936 autem
923 884 955 936 de

149 964 315 1038 turbine⁰qui
326 970 404 1024 irruit
416 971 444 1024 in
456 972 548 1025 cristas
559 969 668 1034 Martis,
686 978 714 1021 et
725 967 794 1039 ipsas
806 968 906 1040 impete
916 969 955 1022 bis

148 1065 268 1126 torquet,
281 1069 312 1111 ut
322 1070 434 1113 ventum
450 1059 573 1113 videmus
593 1056 737 1126 scepissime
755 1059 896 1112 cacumina
912 1076 953 1111 ar·

148 1140 248 1195 borum
259 1154 489 1214 contorquentem.
510 1143 557 1198 Nil
568 1144 657 1213 aptius
667 1142 767 1196 dixisse
774 1154 881 1213 poterat
888 1144 953 1196 Poe·

151 1227 202 1281 ta!
221 1232 286 1284 Haec
299 1232 391 1285 Lefeb.

184 1326 246 1385 538.
265 1320 367 1391 discute]
384 1321 468 1374 dissice
486 1320 541 1372 Ox.
556 1328 583 1372 et
601 1319 663 1372 Put.
683 1318 746 1373 hinc
765 1319 850 1391 disjice
868 1318 950 1372 Drak.

152 1407 204 1460 Sed
217 1418 287 1462 recte
299 1419 349 1461 stat
367 1409 471 1479 vulgat.
487 1418 514 1460 et
526 1406 608 1478 magis
625 1405 752 1479 graphice
764 1422 824 1459 rem
835 1405 952 1460 exhibet.

152 1493 253 1566 Caespr,
267 1494 429 1548 ‘lateritium
440 1491 607 1547 discuteret.'
623 1492 704 1545 Silius
712 1492 763 1544 vl.
777 1491 813 1545 de
825 1502 954 1562 serpente,

152 1590 163 1618 ⁴
173 1584 293 1638 discussit
302 1584 375 1636 trabs
381 1592 440 1636 acta
451 1581 556 1654 caput.'
567 1581 741 1654 (Sicxleseb.)
760 1582 910 1636 Nobiscum
916 1581 953 1635 fa·

153 1672 226 1726 ciunt
240 1672 273 1725 C.
290 1672 350 1725 Col.
364 1681 391 1724 et
402 1670 476 1725 Tell.
493 1671 545 1724 Ed.
562 1672 651 1724 Andr.
666 1680 693 1723 et
704 1670 806 1740 plures.

186 1764 247 1811 600.
267 1760 357 1831 victor]
381 1761 467 1814 ductor
481 1759 525 1811 vel
539 1769 617 1813 rector
639 1757 684 1812 hlc
707 1757 881 1812 scribendum
898 1773 953 1812 mo*

152 1851 210 1904 nuit
237 1851 371 1905 Barthius.
409 1854 466 1905 Nec
488 1850 613 1904 reclamat
632 1850 719 1903 Drak.
745 1849 791 1918 qui
811 1860 900 1902 tamen
920 1847 954 1902 nil

152 1948 247 1993 mutat.
282 1939 375 1993 Lefeb.
395 1939 491 1992 retinet
509 1939 575 1992 item
590 1938 667 2009 vulg.
684 1937 810 2005 quoniam
826 1938 889 1992 illic·
900 1947 954 1989 tum

150 2037 225 2080 erant
244 2027 360 2081 victores
370 2027 502 2081 Romani:
524 2043 573 2081 nec
590 2035 678 2080 tamen
696 2024 801 2079 Barthii
818 2026 952 2091 conjectu·

152 2133 211 2170 ram
222 2116 339 2169 damnat.

463 2274 580 2328 LIBER
598 2276 635 2327 X.

185 2396 214 2432 v.
230 2399 274 2447 3²·
294 2380 376 2451 Ocres]
396 2380 438 2434 Sic
451 2383 486 2434 N.
508 2381 601 2435 Heins.
620 2380 758 2451 quoniam,
781 2382 857 2452 quod
876 2378 953 2450 vulgo

152 2467 260 2539 legitur,
281 2467 350 2521 Ocris
367 2485 420 2520 non
438 2480 477 2521 est
491 2469 617 2522 Latinum
629 2485 737 2522 nomen.
771 2470 847 2524 Acres
867 2470 952 2521 Oxou.

152 2566 179 2608 et
191 2556 252 2608 Put.
265 2573 327 2609 cum
335 2556 599 2610 EditioneRomana.
624 2557 721 2610 Ocresia
731 2567 819 2610 mater
832 2556 884 2610 fuit
896 2557 951 2608 Ser·

153 2643 190 2696 vii
203 2642 299 2708 Tullii,
312 2643 380 2696 male
392 2644 464 2697 dicta
475 2644 580 2700 Ueratia,
613 2646 733 2699 Assentit
746 2645 843 2699 Lefeb.

185 2738 227 2797 58.
244 2731 317 2803 lanc]
336 2732 477 2802 Emphasis
495 2733 610 2805 elegans.
633 2736 730 2804 Inepte
742 2734 788 2787 huc
806 2734 835 2788 in
849 2734 882 2788 C.
897 2729 950 2786 Col.

153 2826 180 2868 et
193 2818 279 2871 Drak.
296 2819 420 2887 (Lefeb.)
