2010 3450
292 274 495 318 ,usnam
532 276 740 338 mss-444„
886 269 926 332 ⁶7-

107 352 265 437 vertuntur
272 378 384 447 juvenis
394 395 458 435 casu
469 377 592 449 perculsa
605 396 654 450 per
664 396 744 452 agros
856 420 859 425 4

107 468 239 542 Agmina,
252 475 280 521 et
291 464 382 521 effusae
395 467 496 535 pariter
505 466 570 521 dant
582 476 657 538 terga
669 476 795 525 caterva.

106 560 183 613 Tum
197 564 284 626 pater,
296 553 389 609 audita
401 555 455 607 nati
469 570 543 619 nece,
557 553 681 609 turbidus
693 555 751 619 irae,

106 644 284 715 barbaricum
295 652 377 712 atque
389 642 505 697 immane
516 658 635 714 gemens,
648 642 782 716 transfigit
793 641 921 701 anhelum

107 734 216 798 Pectus,
226 743 255 786 et
266 732 301 785 ad
312 747 403 785 manes
415 743 493 802 urget
505 730 617 802 vestigia
629 731 694 786 nati.

108 824 149 877 Ar
162 822 259 892 Libyae
269 820 377 885 ductor,
389 819 525 873 Marcello
535 817 645 883 fractus,
657 830 684 872 et
696 821 752 874 acti

104 911 245 966 Contusus
258 924 357 979 pugna,
369 924 479 977 campos
488 903 640 972 damnlrat,
652 919 679 960 et
690 924 765 962 arma

105 1001 232 1054 Verterat
244 999 279 1052 ad
291 997 400 1051 miseras
413 1013 467 1049 non
480 995 550 1066 aequi
562 995 662 1049 Martis
673 999 800 1053 Acerras.

102 1088 181 1153 Inde,
195 1086 242 1140 ubi
255 1084 376 1159 permisit
390 1084 505 1137 flammis
516 1094 597 1153 atque
609 1083 718 1138 ensibus
731 1085 837 1152 urbem,

102 1175 238 1240 Nuceriae,
252 1173 337 1228 nihilo
350 1172 436 1229 levior
448 1189 498 1227 nec
511 1172 617 1242 parcior
628 1173 677 1238 ira,

101 1263 218 1317 lucussit
230 1278 296 1325 aesc,
310 1271 390 1333 atque
404 1259 521 1330 aequavit
533 1259 633 1314 moenia
644 1272 733 1321 terrae.

101 1351 165 1406 Post
176 1349 297 1405 Casilina
309 1349 369 1414 sibi,
383 1349 502 1403 multum
513 1348 668 1407 obluctatus
681 1350 778 1420 iniquis

102 1440 308 1495 Defendentum
319 1438 410 1505 armis,
425 1455 495 1509 aegre
507 1450 672 1494 mactaverat
682 1451 743 1494 astu

105 1528 225 1592 Limina,
238 1537 265 1579 et
278 1525 391 1581 obsessis
403 1525 487 1581 vitam
498 1537 656 1597 pensaverat
667 1544 745 1582 aum.

102 1608 270 1686 Jamque,'in
285 1615 436 1669 Dauniacos
448 1614 637 1670 transfundens
648 1614 754 1686 agmina
766 1631 886 1687 campus,

102 1703 240 1758 Flectebat
254 1703 366 1769 rabiem,
381 1720 434 1771 quo
445 1703 539 1774 praeda
550 1703 594 1756 vel
607 1705 647 1758 ira
658 1702 788 1759 vocasset.

103 1793 237 1847 Fumabat
251 1792 335 1845 versis
346 1792 454 1847 incensa
466 1791 561 1845 Petilia
572 1792 658 1857 tectis,

99 1879 201 1934 Infelix
214 1879 286 1944 fidei,
302 1878 459 1947 miseraeque
473 1879 589 1933 secunda
601 1881 732 1951 Sagunto,

100 1969 141 2020 At
154 1966 294 2035 quondam
306 1966 469 2023 Herculeam
481 1982 588 2021 servare
601 1970 715 2038 superba
725 1970 886 2042 pharetram.

98 2055 226 2109 Verterat
238 2065 265 2111 et
276 2064 394 2109 mentem
403 2055 490 2124 Tyria
500 2055 534 2108 ad
545 2066 639 2110 conata
652 2059 799 2124 Tarentus,

98 2142 241 2215 Portisque
253 2141 386 2199 intrarant
400 2142 487 2199 Poeni.
508 2143 555 2201 sed
567 2145 843 2217 emmerammus,

98 2230 160 2286 Pisa
168 2231 241 2297 loco,
252 2247 346 2285 manus
359 2231 491 2285 Ausoniae
502 2232 599 2302 stipata
610 2234 726 2289 sedebat.

98 2317 161 2388 Hie,
175 2319 298 2376 miranda
310 2336 431 2386 movens,
444 2320 565 2386 classem,
580 2339 640 2392 quae
652 2323 761 2378 condita
771 2333 853 2393 portu

99 2408 248 2473 Adstabat,
263 2411 394 2478 (namque
405 2410 525 2480 angustis
536 2427 551 2463 e
564 2409 687 2465 faucibus
699 2427 792 2482 aequor

94 2494 229 2565 Erumpit
241 2497 366 2568 scopulos
378 2497 457 2564 inter,
471 2498 619 2570 patuloque
632 2516 738 2555 recessu

96 2583 224 2638 Infundit
236 2585 339 2655 campis
350 2597 484 2641 secretum
495 2589 602 2658 gurgite
614 2589 754 2658 pontum.)

97 2672 220 2727 Inclusas
230 2673 325 2744 igitur,
339 2674 437 2744 quibus
448 2676 521 2729 haud
533 2693 613 2731 enare
625 2676 749 2745 dabatur,

98 2761 172 2815 Arce
185 2761 363 2832 superposita,
376 2761 500 2819 claustris
511 2764 592 2818 maris
602 2765 707 2832 expulit
719 2774 789 2832 astu,

100 2845 206 2917 Perque
216 2864 313 2902 aversa
324 2849 387 2903 tulit
399 2861 518 2921 portatas
529 2867 595 2906 atvs
605 2851 718 2908 carinas.

97 2932 216 2992 Lubrica
226 2935 350 3006 roboreis
360 2939 472 2997 aderaut
484 2939 665 2997 substramina
675 2939 811 3018 plaustris,
