2010 3450
303 274 499 331 armins.
535 253 725 340 Mis-“4-
856 289 904 342 ¹35

100 395 197 452 Gloria
210 390 325 466 pientia
336 394 419 449 seclo:
442 411 497 447 non
509 411 562 448 aera
568 394 691 460 juvabat,

100 482 236 563 θράσει
246 501 281 538 ex
293 484 417 555 Ephyre:
432 483 509 538 fulvo
519 483 592 537 haud
601 483 743 538 certaverit
755 498 822 537 auro
832 548 835 553 Ι

98 575 198 640 Vestia,
212 574 342 645 spirantes
353 572 471 626 reserem
482 573 631 626 subtemine
642 573 734 626 vultus

99 667 178 737 Qus
188 661 266 714 radio
276 660 353 714 caelat
365 659 495 729 Babylon,
507 660 551 712 vel
563 659 663 713 murice
673 660 746 731 picto

99 752 176 806 Laeta
187 752 293 820 Tyros,
300 765 416 819 quaeque
427 736 552 800 Att'alicia
561 747 662 800 variata
675 763 724 818 per
734 756 820 800 artem

98 839 206 894 Aulaeis
217 839 373 893 scribuntur
383 854 442 900 acu,
455 845 502 889 aut
514 835 695 907 Memphitide
706 835 769 889 tela.

97 931 160 996 Jam
170 928 250 982 simul
261 937 372 998 argento
384 925 513 997 fulgentia
524 925 630 995 pocula,
643 925 729 978 mixta

98 1015 171 1089 Qis
180 1032 288 1087 gemma
297 1002 424 1082 quaesims
434 1014 530 1077 honos,
543 1014 682 1067 simulacra
694 1016 826 1080 Deorum,

97 1106 208 1159 Numen
219 1104 253 1156 ab
264 1113 323 1156 arte
333 1103 427 1156 datum
437 1102 585 1154 servantia:
602 1118 714 1155 munera
725 1102 814 1156 Rubri

99 1195 235 1249 Praeterea
245 1192 335 1256 Ponti,
347 1192 502 1260 depexaque
512 1189 613 1244 vellera
623 1191 712 1255 ramis,

99 1281 244 1335 Fenn'neus
253 1281 342 1333 labor.
361 1280 410 1333 llis
421 1278 498 1331 tectis
508 1277 656 1348 opibusque
668 1277 770 1348 potitus

99 1367 241 1422 Ausonius
252 1367 360 1431 ductor,
374 1376 514 1436 postquam
526 1365 647 1419 sublimis
657 1367 692 1419 ab
703 1365 759 1418 alto

99 1457 211 1528 Aggere
221 1454 343 1523 despexit
354 1453 488 1525 trepidam
498 1453 669 1524 clangoribus
681 1454 788 1518 urbem,

99 1545 188 1611 Inque
200 1557 249 1595 tuo
259 1541 377 1612 positum
390 1553 468 1608 nutu,
482 1552 552 1594 stent
563 1541 659 1594 moenia
669 1557 775 1610 regum,

100 1633 150 1685 An
160 1629 251 1698 nullos
262 1630 351 1684 oriens
362 1630 453 1685 videat
464 1630 513 1685 lux
524 1632 637 1686 crastina
648 1648 749 1697 muros,

98 1718 238 1790 Ingemuit
250 1718 363 1772 nimimu
371 1719 449 1785 juris,
463 1729 619 1789 tantumque
630 1720 711 1774 licere

100 1807 226 1872 Horruit,
238 1817 266 1860 et
277 1823 391 1878 propere
402 1818 526 1861 revocata
538 1807 630 1861 militis
640 1807 690 1872 ira,

99 1894 185 1962 Justit
197 1904 267 1948 mare
278 1895 382 1960 domos,
395 1895 535 1967 indulgens
546 1895 645 1966 templa
655 1895 768 1949 vetustis

99 1981 225 2036 incolere
236 1991 315 2050 atque
326 1982 445 2035 habitare
457 1983 532 2036 Deis,
551 1983 588 2037 sic
599 1999 707 2053 parcere
717 1983 795 2038 victis

101 2069 156 2122 Pro
166 2070 260 2141 preda
270 2070 331 2146 fuit,
343 2081 381 2138 et,
394 2087 450 2124 sese
461 2081 594 2137 contenta,
607 2087 655 2124 nec
666 2071 724 2125 ullo

101 2157 237 2228 Sanguine
248 2158 359 2228 pollutis
371 2159 468 2228 plausit
479 2158 601 2215 Victoria
609 2159 713 2230 pennis.

100 2244 150 2298 Tu
161 2262 271 2316 qtioque
282 2247 401 2300 ductoris
413 2247 545 2314 lacrimas,
558 2248 738 2313 memorande,
750 2247 845 2316 tulisti,

101 2331 239 2384 Defensor
248 2333 353 2403 patriae.
372 2336 544 2389 meditantem
555 2337 583 2390 in
595 2337 708 2407 pulvere
721 2336 831 2407 formas,

79 2431 85 2442 ⁶
100 2419 159 2473 Nec
168 2421 312 2474 turbatum
322 2421 414 2487 animi,
428 2434 502 2478 tanta
512 2425 624 2479 feriente
634 2424 723 2490 ruina,

102 2503 232 2578 [lgnams
244 2509 321 2562 miles
331 2511 409 2581 vulgi
421 2522 448 2565 te
459 2523 529 2566 sorte
541 2512 681 2584 peremit]

102 2595 142 2647 At
153 2595 291 2668 reliqumu
302 2598 410 2669 vulgus,
422 2600 539 2654 resoluta
549 2601 577 2654 in
588 2600 686 2672 gaudia
696 2610 795 2669 mente,

104 2681 253 2737 Certairunt
264 2685 331 2739 victi
342 2686 499 2741 victoribus.
519 2688 650 2741 AEmulus
658 2687 714 2757 ipse

103 2771 206 2843 Ingenii
218 2773 365 2846 Superum,
379 2778 510 2831 servando
520 2776 639 2831 condidit
649 2777 756 2830 urbem.

104 2856 176 2930 Ergo
186 2873 275 2916 exstat
287 2861 373 2929 seclis,
386 2865 519 2936 stabitque
529 2865 632 2936 insigne
643 2873 787 2937 tropaeum,

105 2942 140 2999 Et
150 2948 225 3004 dabit
235 2949 366 3018 antiquos
376 2951 521 3008 ductorum
531 2969 641 3010 nouere
651 2969 749 3009 mores.
