2010 3450
100 279 151 316 200
290 270 381 313 aran
398 269 480 311 xvir.
514 271 545 311 va
559 265 707 325 143-124.

102 380 158 456 Qi
170 377 250 432 modo
261 379 311 431 sub
319 375 435 447 pedibus
446 382 541 440 terras,
553 383 581 427 et
592 384 705 445 sceptra,
716 383 862 447 patensque

102 468 195 520 Litora
205 466 239 519 ad
250 463 350 519 Oceani
362 464 412 516 sub
424 471 494 515 nutu
503 461 608 516 viderat
618 477 722 529 aequor.

102 554 244 608 Prostratis
254 553 352 624 opibus
363 551 439 622 regni
448 550 587 605 Phoeniasa
597 559 737 604 metuntur

101 641 230 712 Agmina,
243 651 270 694 et
280 639 381 693 invisus
394 637 490 703 Marti,
503 647 635 708 notusque
647 637 774 708 fugarum

101 728 190 781 Vertit
201 738 275 799 terga
285 726 353 780 citus
366 720 499 783 damnatis
510 724 756 780 Hasdrubalausis.

102 816 192 868 Stabat
205 814 355 886 Karthago,
368 813 497 869 truncatis
507 813 625 884 undique
636 813 766 870 niembrie
813 830 816 835 ·

102 903 231 958 Uninixa
242 903 312 967 viro,
320 911 454 970 ‘tantoque
466 901 575 973 fragore
587 911 710 956 ruentem

101 990 349 1045 Hannibalabeenti
363 990 494 1045 retinebat
506 990 614 1044 nomine
624 990 737 1045 molem.

102 1080 136 1133 ld
147 1077 279 1146 reliquum
290 1078 444 1148 fessosopis
453 1078 603 1146 auxiliique
616 1079 687 1134 ciere

102 1167 207 1221 Rerum
217 1178 337 1222 extrema
344 1167 457 1232 jubent:
476 1165 530 1221 huc
541 1167 686 1238 confugere
697 1177 839 1238 paventes,

103 1257 248 1325 Postquam
260 1271 288 1308 se
300 1249 437 1326 Sup'ertlm
446 1255 564 1309 desertos
573 1255 683 1309 numine
691 1267 817 1311 cernunt.

104 1346 161 1398 Nec
173 1361 260 1397 mora:
279 1343 406 1414 propulsa
417 1343 522 1398 sulcant
532 1344 602 1398 vada
613 1343 680 1399 salsa
688 1345 791 1412 carina,

107 1432 162 1506 Qi
174 1441 308 1496 revocent,
317 1430 469 1502 patriaque
482 1430 569 1486 ferant
581 1432 706 1488 mandata
717 1433 861 1501 monentis,

104 1524 146 1576 Ne
158 1520 246 1575 lentus
257 1520 345 1576 nullas
355 1521 449 1576 videat·
459 1521 632 1593 Karthaginis
643 1539 727 1577 arces.

105 1614 210 1683 Qarta
221 1611 332 1662 Aurora
343 1617 429 1663 ratem
440 1608 530 1662 Dauni
535 1601 686 1663 rdevexera't
692 1625 769 1676 orae,

106 1700 144 1751 Et
156 1697 213 1750 fera
224 1696 343 1750 ductoris
354 1696 505 1763 turbabant·
510 1698 614 1753 somnia
625 1710 755 1753 mentem.

105 1788 226 1854 Namque
237 1784 409 1856 graviacun's
420 1785 507 1854 carpit
517 1785 673 1841 dumnoote
683 1787 813 1856 quietem,

108 1875 225 1927 Cernere
236 1872 408 1937 Flaminium,
422 1873 608 1943 Gracchumq3
622 1884 770 1929 etcernere
783 1874 901 1932 Paullum

106 1961 187 2014 Visus
198 1970 255 2013 erat
266 1959 344 2014 simul
355 1961 481 2014 adversos
493 1960 668 2014 mucronibus
680 1961 707 2014 in
720 1978 746 2015 se

108 2047 247 2102 Destrictis
260 2066 348 2113 ruere,
361 2057 445 2116 atque
455 2048 525 2103 Itala
536 2048 669 2119 depellere
680 2059 767 2104 terra:
837 2094 839 2099 ,

108 2135 254 2203 Omnisque
266 2153 284 2189 a
293 2135 403 2200 cannia,
409 2136 628 2207 :Trasimenique
634 2137 726 2192 omnis
737 2139 773 2194 ab
784 2139 864 2200 undio

106 2226 140 2276 ln
153 2233 267 2295 pontum
278 2223 418 2293 impellens
429 2224 587 2280 umbrarum
599 2225 733 2279 exercitus
745 2226 813 2282 ibat.

106 2315 180 2382 Ipse,
185 2312 286 2382 lugam·
291 2313 409 2382 capiens,
422 2322 498 2367 notas
510 2314 625 2367 evadere
636 2314 671 2368 ad
683 2314 772 2385 Alpes

109 2401 264 2476 Quaerebat,
279 2411 411 2472 terraeque
422 2401 493 2455 ulnis
505 2402 646 2473 amplexus
658 2402 781 2473 utrisque
813 2443 817 2448 -

108 2489 346 2548 HaerebatLatiae:
367 2490 452 2542 donec
463 2489 503 2543 vis
516 2506 587 2544 saeva
599 2489 737 2560 profundo

106 2576 252 2641 Truderet,
265 2586 292 2630 ct
304 2575 402 2648 rapidis
414 2576 488 2630 daret
499 2588 635 2648 asportare
648 2578 783 2649 procelli&

107 2663 156 2735 Hir
167 2681 271 2733 agrum
280 2665 345 2720 visis
356 2665 463 2730 adeunt,
478 2665 602 2720 mandata
614 2666 740 2731 ferentes,

107 2749 368 2820 Legati,.patriaeque
379 2759 501 2804 extrema
512 2751 632 2820 pericula
642 2752 774 2823 pandunt.

106 2836 226 2905 Massyla
237 2847 267 2889 ut
280 2837 383 2892 ruerint
393 2856 478 2906 arma,
490 2849 521 2893 ut
532 2839 636 2893 cervice
647 2850 756 2897 catenas

41 2951 45 2961 x
106 2928 244 2999 Regnator
253 2928 344 3000 tulerit
356 2928 458 3010 Libyae,
472 2929 580 3005 letoque
592 2939 699 3003 negato,
