2010 3450
456 270 570 310 norm
720 248 726 261 ’
862 277 909 326 227
988 328 991 336 ,

136 380 198 430 682.
218 376 312 447 nigris]
330 373 427 445 Scripti
438 376 543 430 codices
555 377 638 430 nivez's.
650 375 730 447 piane
740 376 909 431 mendosum.

101 461 207 537 nigram
215 465 288 518 enim
301 465 381 518 fuisse
392 464 556 529 columbam,
571 475 703 536 quotquot
714 466 752 518 rei
766 465 910 519 meminere

100 556 246 625 scriptores
252 554 553 608 constanteraffirmant
567 553 806 623 N.Heins.furois.
815 554 909 605 Burm.

95 644 180 714 pieni.
208 658 237 694 v.
257 642 293 693 V.
313 641 401 694 Flacc.
419 644 475 694 111.
498 660 560 711 4²9·
588 643 705 712 Begerus
728 642 818 713 nigris,
837 638 911 710 quod

101 731 212 802 probat.
228 730 314 784 Drak.
328 729 443 783 admittit
456 731 550 784 Lefeb.

408 887 524 940 LIBER
543 889 594 940 IV.

133 1013 163 1049 v.
185 994 415 1062 15.Codd.CoI.
436 1005 462 1048 et
481 995 535 1047 Ox.
558 1011 662 1049 necnon
681 997 755 1050 Edit.
776 997 907 1067 Pompon.

99 1094 264 1155 revocantque.
285 1083 396 1154 Vulgat.
416 1093 583 1154 renovantque.
619 1086 687 1147 Nos,
701 1103 763 1138 cum
776 1084 908 1149 Bentlejo,
929 1120 933 1127 ·

97 1183 125 1225 et
135 1173 301 1236 Burmanno,
315 1183 494 1243 recoquuntque.
509 1172 544 1223 V.
560 1182 636 1224 notas
648 1173 787 1226 Drakenb.
796 1173 906 1242 etVirg.

99 1263 168 1314 AEn.
188 1262 255 1313 VII.
275 1265 336 1327 636.
362 1260 522 1316 Iefeburius
542 1261 652 1313 Poetam
676 1261 811 1332 scripsisse
831 1270 908 1331 putat

98 1361 271 1421 recoquuntque
282 1368 356 1403 novas
364 1350 472 1419 fornace
481 1349 598 1420 bipennes.
625 1349 743 1402 Exhibet
759 1366 825 1402 vero
839 1366 906 1402 revo-

98 1449 201 1509 cantque
211 1439 263 1491 &c.
762 1434 764 1442 ’

133 1545 178 1597 59.
204 1527 300 1598 Scripti
323 1538 448 1581 vocantur.
477 1527 564 1580 Drak.
590 1527 743 1581 habitantur.
768 1527 907 1593 Livineius

98 1634 236 1688 quacunque
252 1626 379 1688 vagantur
395 1616 466 1671 Iberi.
493 1619 548 1671 Nos
565 1635 628 1670 cum
646 1618 767 1682 Heinsio,
785 1619 904 1671 coluntur.

70 1696 73 1711 '
99 1706 157 1757 Stat
170 1720 220 1773 pro
232 1704 336 1773 vulgat.
358 1704 527 1769 Leseburius,
542 1706 686 1771 affirmans,
704 1708 796 1771 amari,
808 1707 905 1772 audire,

98 1809 216 1865 preesse,
234 1792 389 1862 frequenter
402 1794 524 1863 usurpari
539 1797 568 1849 de
582 1815 609 1850 re
620 1808 676 1851 nota
687 1796 759 1866 apud
770 1797 903 1866 antiquos.

100 1901 128 1936 v.
144 1882 192 1936 Sil.
207 1884 276 1935 XII.
292 1901 353 1952 709.

136 1990 179 2038 71·
198 1971 256 2042 stet]
275 1971 318 2024 Sic
330 1971 423 2024 Heins.
442 1973 569 2042 quoniam
585 1975 619 2026 sit
635 1990 699 2027 mox
710 1974 837 2029 occurrit.
855 1972 906 2026 nisi

98 2060 154 2115 illic
165 2060 289 2131 legimns,
307 2061 385 2130 majus
396 2061 549 2114 siscandere.
570 2061 630 2122 Les.
645 2063 742 2117 retinet
753 2062 829 2133 vulg.
842 2073 903 2115 stat.

134 2155 179 2219 98.
198 2147 290 2218 capite]
308 2149 350 2199 Ita
368 2147 534 2216 reposuimus
550 2164 564 2200 e
585 2148 784 2204 Colon-vide
800 2149 862 2203 Liv.
876 2149 904 2202 in

98 2233 257 2299 Hannibalis
268 2233 397 2287 oratione.
410 2236 491 2288 XXI.
505 2253 549 2301 43.
560 2245 586 2286 et
600 2235 647 2288 sil.
661 2238 744 2289 VIII.
759 2253 819 2302 275.
833 2237 904 2288 XII.
922 2269 925 2272 -

100 2330 160 2394 ¹⁶9·
175 2323 294 2400 Qidam
303 2322 394 2393 scripti
404 2325 484 2394 rapite
491 2333 657 2394 agnoscunt:
672 2340 722 2377 nec
730 2323 807 2377 aliter
815 2323 902 2376 Drak.

98 2413 234 2468 et·Lefeb.

134 2521 195 2570 179.
215 2501 317 2553 Omnes
335 2499 459 2566 Codices,
484 2518 549 2555 cum
572 2499 675 2569 scripti,
699 2508 759 2552 tum
771 2497 901 2568 impressi,
924 2539 925 2543 ,

98 2598 199 2660 praeter
222 2580 319 2640 Colon.
340 2598 366 2638 et
386 2587 438 2640 Ed.
453 2587 549 2657 Pomp.
567 2585 697 2640 exhibent
712 2586 904 2640 unbem-Nos

97 2694 162 2731 cum
168 2676 301 2745 optimum
309 2676 430 2730 codicem
442 2687 502 2730 tum
515 2675 644 2746 optimam
654 2675 800 2730 editionem
811 2675 899 2745 seqni-

97 2751 161 2818 mdr
172 2762 313 2817 scribendo
328 2764 403 2817 nuda.
418 2765 492 2835 quod
504 2776 531 2817 et
545 2763 639 2818 Leseb.
660 2797 663 2801 ,

135 2857 194 2905 188.
209 2852 271 2904 Non
278 2849 414 2923 ingratum
425 2851 483 2906 sore
494 2853 587 2908 lectori
593 2852 811 2921 judicavimussi
819 2854 907 2912 verbe
920 2880 925 2887 ·

99 2939 236 2999 Lefeburii
249 2939 302 2995 huc
316 2939 497 3009 proferintusx
515 2955 518 2962 ·
