2010 3450
209 263 259 324 64·
408 267 496 310 strar
519 264 577 310 xit.
612 271 643 308 v.
657 260 807 322 325-354t

207 377 326 431 Adversi
337 391 371 430 en
383 374 514 446 quidquid
525 375 594 428 duro
605 372 655 428 sub
667 373 909 441 Marte-manebat,

205 465 377 520 Exhaustum
387 474 427 517 est
438 463 526 517 vobis.
545 473 646 517 restant
658 463 761 517 leviora
771 463 909 532 laborum,

205 554 243 608 Et
254 555 308 607 sine
320 553 437 625 pernicie
448 562 545 605 terror.
566 551 618 606 Dis
629 561 695 605 vota
705 566 851 624 precesque

206 645 284 695 Ferte
296 641 386 705 modo,
398 651 425 692 et
437 640 540 711 tepidos
552 640 605 693 aris
616 640 696 693 libate
707 657 827 695 cruores.

105 790 107 795 ,
205 732 267 785 Neu
279 730 340 783 date
352 728 426 800 terga
437 728 525 782 malis.
545 728 630 782 aderit
641 728 791 794 Gradivus,
804 740 831 783 et
842 730 900 802 ipse

206 817 302 871 Delius
314 826 416 870 avertet
428 816 556 888 propiora
567 817 686 889 pericula
699 827 784 883 vates,

204 905 343 970 Trojanos
353 914 431 957 notus
444 919 548 972 semper
558 903 683 958 minuisse
696 903 811 958 labores.

206 991 258 1042 Sed
270 1008 344 1054 vero,
357 991 486 1045 sedenim
497 1000 558 1043 ante
570 1007 663 1044 omnes
674 990 767 1045 altaria
778 991 886 1046 fument

207 1079 324 1133 Centum
335 1078 402 1133 festa
410 1080 489 1149 Jovi:
511 1088 620 1133 centum
630 1080 707 1133 cadat
718 1079 805 1135 hostia
816 1081 922 1136 cultris.

206 1167 257 1221 Ille
270 1178 373 1222 trucem
384 1167 448 1220 beili
461 1167 562 1220 nubem
575 1183 711 1237 saevasque
724 1167 862 1237 procellas

207 1258 239 1310 Iu
253 1257 366 1326 Libyam
376 1255 510 1310 violentus
522 1266 598 1326 aget;
612 1256 765 1324 spectabitis
776 1255 827 1325 ipsi

207 1345 313 1415 AEgida‘
319 1344 427 1398 turbato
439 1345 602 1415 quatientem
613 1344 641 1397 in
653 1345 750 1415 proelia
760 1346 873 1400 mundo.

207 1434 300 1500 Atque
308 1449 339 1484 ea
351 1431 459 1485 Parnasi
471 1441 613 1502 postquam
622 1431 736 1485 clamata
747 1432 797 1485 sub
808 1433 891 1488 antris

205 1519 341 1585 Aliarum,
353 1519 482 1590 vulgique
495 1521 569 1580 Deus
581 1507 702 1590 pervenit
713 1521 748 1574 ad
759 1538 852 1587 aures3

206 1611 239 1661 In
252 1607 416 1678 Capitolinas
427 1607 550 1668 certatim
561 1607 698 1662 scanditur
709 1625 792 1674 arces,

206 1699 420 1767 sternunturque
430 1696 503 1764 Jovi,
515 1706 543 1750 et
554 1697 699 1750 delubrum
710 1697 838 1769 sanguine
850 1697 948 1754 honora

205 1786 282 1838 Tum
294 1785 390 1837 Paeana
400 1794 508 1850 canum,
522 1801 698 1855 responsaque
710 1784 763 1839 fida
774 1797 930 1856 precantur.

205 1873 313 1926 Interea
324 1871 433 1925 assuetis
445 1872 533 1927 senior
544 1873 702 1943 Torquatus
714 1873 741 1926 in
752 1873 844 1938 armis,

207 1967 318 2020 Sardoas
329 1964 416 2037 patrio
426 1964 561 2035 quatiebat
574 1963 657 2018 milite
670 1974 764 2017 terras.

204 2055 339 2125 Namque,
351 2062 443 2105 ortum
454 2052 535 2106 Iliaca
543 2053 646 2118 jactans
655 2053 690 2105 ab
701 2052 803 2124 origine
816 2055 925 2119 nomeu,

204 2144 237 2195 In
249 2141 320 2195 bella
329 2143 525 2210 Hampsagoras
536 2142 635 2211 Tyrios
647 2151 774 2195 renovata
784 2138 909 2195 vocitat.

205 2231 297 2286 Proles
309 2229 422 2299 pulchra
432 2229 502 2294 viro,
515 2246 564 2283 nec
576 2229 621 2283 tali
632 2230 713 2301 digna
723 2239 843 2299 parente,

206 2322 308 2373 Hostus
320 2327 390 2371 erat:
410 2318 487 2383 cujus
499 2318 584 2371 fretus
596 2318 716 2388 fulgente
725 2319 850 2384 juventa,

206 2409 268 2479 Ipse
279 2425 356 2477 asper
367 2406 435 2476 paci,
448 2406 546 2459 crudos
557 2405 613 2458 sine
625 2406 730 2460 viribus
741 2423 836 2471 annos,

206 2495 343 2549 Barbarici
354 2495 442 2548 studio
452 2495 528 2559 ritus,
542 2494 682 2548 refovebat
694 2495 722 2547 in
734 2494 827 2548 armis.

205 2586 286 2654 Isque
298 2582 345 2636 ubi
357 2583 527 2651 Torquatum
539 2568 636 2655 raptim
649 2594 791 2654 properata
802 2582 935 2640 ferentem

141 2693 143 2696 ·
205 2673 285 2743 Signa
296 2671 380 2737 videt,
394 2687 544 2742 pugnaque
555 2671 647 2724 avidas
658 2671 782 2726 accedere
794 2671 913 2739 dextras,

199 2761 311 2814 vFraude
322 2759 375 2813 loci
385 2769 456 2824 nota,
469 2760 602 2815 latebrosa
613 2776 660 2829 per
671 2761 730 2813 avia
743 2759 827 2812 saltus

206 2847 314 2914 Evolat,
327 2859 364 2912 et,
377 2849 484 2918 provisa
496 2848 568 2920 fugae
579 2847 738 2917 compendia
748 2863 871 2918 carpens,

207 2937 333 3007 virgulta
344 2936 445 3007 tegitur
456 2935 527 2990 valle
537 2954 568 2991 ac
580 2934 768 2990 frondentibus
780 2936 894 2990 umbris.
