2010 3450
156 274 204 326 18⁶
355 280 446 321 aaran
465 280 533 321 xvr.
569 278 598 319 v.
612 283 761 335 505-534·

156 392 295 459 Hesperon
308 387 414 442 infestat
426 402 473 439 sua
484 403 533 457 per
543 386 654 458 vestigia
666 403 797 457 pressum.

156 480 213 532 Nec
222 477 279 541 jam
291 491 371 544 quem
383 475 505 544 seqnitur
516 485 632 540 tantum,
644 475 690 528 sed
702 475 790 546 prima
800 490 910 528 corone

157 566 221 636 Spes
233 565 348 634 trepidat
358 564 438 616 tantis
450 563 619 616 venientibus
630 564 750 633 Eurytus
761 563 820 618 alis.

156 659 277 726 Qartus
289 663 359 706 sorte
371 652 433 717 loci,
448 651 538 716 sed,'si
550 662 605 704 tres
615 652 708 704 ordine
720 661 829 706 servent

155 745 281 813 inceptos
292 757 396 805 cursus,
410 739 589 810 nequidquam
602 757 671 792 vana
683 740 819 805 laborans,

155 833 296 885 Tartessos
307 829 419 882 fratrem
430 829 519 882 medio
531 828 659 883 Therone
672 829 820 898 premebat.

154 921 212 973 Nec
225 919 325 989 patiens
336 918 408 971 ultra
419 915 490 970 tollit
502 931 557 968 sese
569 932 677 984 aequore
688 916 804 969 Theron

154 1009 262 1078 Igneus,
276 1016 303 1059 et
316 1007 425 1077 plenum
438 1005 609 1081 praetervolat
621 1006 760 1074 Hesperon
773 1005 831 1058 irae.

154 1095 232 1148 Unus
242 1105 299 1147 erat
310 1110 399 1164 super,
411 1104 439 1147 et
450 1102 530 1146 metae
541 1092 711 1164 propioribus
724 1109 810 1163 aegros

154 1184 258 1237 Urebat
268 1183 328 1236 linis
341 1183 468 1235 stimulis:
490 1197 650 1251 quacunque
661 1180 771 1262 reliquit

154 1271 225 1326 Hinc
233 1271 399 1337 lobon-hinc
411 1280 553 1341 penetrans
565 1284 650 1339 pavor
661 1269 688 1322 in
698 1269 852 1340 praecordia
860 1269 937 1336 vires,

155 1361 230 1414 Dum
242 1378 347 1431 sperare
359 1361 429 1426 licet,
443 1360 537 1414 brevia
547 1361 581 1414 ad
592 1362 731 1415 conamina
744 1372 858 1432 uterque

154 1450 290 1502 Advocat.
310 1450 586 1519 AEquanturcursusr
606 1450 760 1520 pariterque
772 1450 895 1504 ruebant.

153 1538 190 1589 Et
202 1537 291 1590 forsan
302 1537 408 1608 gemina
418 1536 578 1613 meruissent
588 1537 699 1606 praemia
711 1536 812 1607 palma,

154 1627 274 1680 Pervecti
284 1625 362 1679 simul
374 1625 408 1678 ad
419 1634 512 1690 metas,
527 1624 566 1689 ni,
580 1637 653 1696 terga
665 1634 769 1680 secutus

152 1713 298 1778 Theronis,
313 1713 402 1766 'lusam
414 1713 466 1765 late
479 1731 527 1782 per
539 1712 623 1766 lactea
633 1713 702 1766 colla

154 1803 287 1871 Hesperos
299 1800 399 1870 ingenti
412 1800 537 1853 tenuisset
549 1817 635 1853 saevus
648 1800 743 1864 abira,

152 1890 345 1957 Traxissetque
356 1906 470 1943 comam.
491 1888 613 1941 Tardato
624 1888 702 1941 laetus
713 1906 850 1957 ovansque

152 1975 273 2043 Eurytus
284 1964 376 2027 evadit
382 1975 491 2039 juvene,
504 1983 585 2043 atque
596 1974 631 2027 ad
643 1974 755 2043 praemia
767 1973 855 2028 victor

152 2061 267 2126 Emicat,
280 2071 307 2113 et
318 2061 400 2131 galeae
413 2061 466 2114 fert
478 2061 580 2113 donum
592 2059 694 2130 insigne
704 2077 836 2115 coruscae.

154 2150 250 2202 Cetera
263 2150 392 2220 promisso
403 2149 501 2201 donata
512 2157 552 2202 est
564 2163 677 2201 munere
685 2149 785 2218 pubes,

152 2242 328 2309 intonsasque
340 2255 429 2292 comas
440 2237 520 2291 viridi
529 2237 651 2290 redimita
663 2253 763 2290 corona
855 2258 857 2267 ι

153 2327 220 2378 Bina
231 2325 292 2378 tulit
304 2324 390 2395 patrio
402 2323 524 2394 quatiens
536 2322 641 2376 hastilia
653 2322 736 2375 ferro.

152 2414 223 2467 Hinc
234 2413 356 2485 graviora
369 2412 460 2467 virrlm
471 2413 625 2478 certamina,
638 2413 790 2466 comminus
801 2416 871 2469 ensis

153 2502 313 2567 Destrictus‚
326 2501 444 2571 bellique
456 2501 507 2554 feri
519 2501 661 2555 simulacra
672 2500 788 2555 cientur.

151 2591 219 2654 Nec,
232 2607 300 2659 quos
312 2589 392 2660 culpa
403 2588 474 2654 tulit,
488 2606 554 2657 quos
566 2588 677 2643 crimine
690 2589 771 2642 noxia
782 2590 849 2656 vita,

152 2682 204 2734 Sed
214 2681 300 2734 virtus
311 2681 467 2749 animusque
481 2681 556 2734 ferox
569 2682 602 2733 ad
614 2680 699 2734 laudis
711 2698 841 2747 amorem,

151 2768 187 2821 Hi
198 2785 307 2822 crevere
319 2786 395 2838 pares
407 2769 496 2835 serr03
516 2768 666 2845 spectatula
678 2769 760 2841 digna

151 2857 304 2927 Martigena
314 2857 408 2928 vulgo,
421 2858 542 2927 suetique
554 2857 654 2910 laboris
665 2857 765 2930 imago.

151 2948 207 3001 Hos
219 2946 289 3003 inter
298 2946 397 3019 gemini
409 2947 488 3019 (quid
496 2949 620 3014 jam-non
632 2947 743 3020 regibus
753 2956 869 3004 ausumt
