2010 3450
351 436 525 509 ‘LIBER
556 437 669 510 xtl.

437 753 466 790 v.
483 753 577 803 1-24.
672 720 675 726 ⁵

95 863 171 958 Jnnt
185 901 258 948 terra
268 891 379 962 glaciale
387 902 478 963 caput,
492 892 659 961 secundaque
670 893 768 947 nimbis

99 986 248 1055 Tempora,
259 993 286 1036 et
298 983 441 1038 austrifero
453 983 611 1039 nebulosam
622 985 723 1039 vertice
737 984 854 1040 frontem

100 1072 215 1128 Immitis
226 1072 358 1127 condebat
370 1072 464 1138 hiems,
477 1072 634 1144 blandisque
646 1073 753 1127 salubre

100 1163 157 1216 Ver
169 1161 302 1234 Zephyris
313 1163 403 1231 tepido
414 1163 549 1217 mulcebat
561 1180 625 1217 rura
637 1182 738 1218 sereno.

99 1249 256 1320 Prorumpit
269 1251 362 1321 Capua
374 1251 484 1315 Poenus,
496 1250 637 1327 vicinaque
648 1253 701 1307 late

98 1338 241 1394 Praemisso
254 1349 357 1392 terrore
369 1339 463 1409 quatit.
484 1339 542 1392 Ceu
554 1341 661 1394 condita
671 1342 778 1405 bruma,

99 1428 175 1480 Dum
187 1426 301 1497 Rhipaea
313 1426 400 1498 rigent
412 1426 557 1498 Aquilonis
570 1428 686 1493 flamina,
699 1429 808 1482 tandem

99 1514 212 1568 Evolvit
224 1531 332 1584 serpens
343 1532 440 1570 arcano
452 1515 573 1569 membra
584 1516 677 1582 cubili,

98 1601 135 1654 Et
147 1601 302 1674 splendente
314 1601 357 1656 die
368 1619 456 1657 novus
467 1602 572 1667 emicat,
584 1614 664 1674 atque
675 1617 819 1656 coruscum

98 1691 162 1743 Fert
172 1700 263 1760 caput,
277 1700 303 1742 et
316 1690 415 1744 saniem
427 1691 538 1744 sublatis
551 1691 672 1746 faucibus
683 1692 764 1744 efflat.

101 1782 142 1833 At
154 1779 249 1850 Libyci
260 1781 336 1835 ducis
348 1792 377 1835 ut
390 1781 523 1836 fulserunt
536 1782 610 1854 signa
622 1800 671 1853 per
680 1799 770 1852 agros,

99 1867 226 1924 Desolata
237 1880 312 1923 metu
322 1880 428 1935 cuncta,
440 1881 477 1935 et,
491 1871 617 1924 suadente
628 1887 737 1942 pavore,
811 1878 816 1885 “

97 1957 217 2011 Vallose
228 1956 347 2011 clausere
359 1957 447 2024 simul,
461 1959 612 2030 trepidique
623 1958 715 2013 salutis
815 1948 818 1952 ⁴
885 1946 888 1951 ¹

99 2046 265 2115 Exspectant
276 2046 340 2118 ipsis
350 2058 498 2102 metuentes
509 2047 645 2102 moenibus
656 2048 772 2100 hostem.

99 2135 150 2187 Sed
162 2152 217 2188 non
228 2134 275 2188 ille
286 2133 374 2205 vigor,
389 2134 432 2203 qui
445 2135 532 2206 ruptis
544 2135 663 2206 Alpibus
674 2152 750 2188 arma

97 2222 241 2287 Intulerat,
253 2222 416 2293 dederatque
428 2223 493 2288 vias,
506 2224 660 2292 Trebiaque
671 2223 771 2301 potitus

99 2311 233 2364 Maeonios
244 2311 315 2364 Italo
327 2313 465 2367 scelerauit
477 2313 604 2385 sanguine
618 2314 726 2378 fluctus,

99 2399 178 2454 Tunc
190 2400 287 2453 inerat.
306 2401 382 2455 molli
394 2401 461 2454 luxu
475 2401 626 2456 madefacta
634 2417 773 2472 meroque,
859 2425 862 2428 ·

98 2486 236 2543 illecebris
247 2490 334 2543 somni
344 2490 478 2560 torpentia
489 2492 610 2544 membra
622 2491 755 2545 fluebant:

90 2575 169 2650 ‚Qis
179 2575 280 2648 gelidas
291 2587 398 2630 suetum
409 2588 501 2631 noctes
513 2579 620 2632 thorace
632 2576 750 2650 gravatis

100 2665 153 2719 Sub
164 2669 233 2734 Jove
246 2683 301 2718 non
313 2684 390 2735 aequo
402 2667 517 2731 trahere,
530 2677 557 2720 et
569 2666 685 2720 tentoria
697 2660 779 2736 saepex

102 2752 239 2821 spernere,
253 2753 301 2807 ubi
313 2752 426 2807 hiberna
438 2765 547 2808 ruerent
559 2772 622 2808 curn
632 2754 761 2826 grandine
774 2750 871 2818 nimbi,

103 2844 142 2896 Ac
153 2862 186 2898 ne
199 2832 279 2899 nocte
288 2833 398 2915 quidem
409 2845 522 2917 clipeive
534 2862 642 2899 ensesve
654 2844 762 2916 reposti,

103 2929 159 2984 Non
170 2934 308 3004 pharetrae
317 2945 365 2989 aut
373 2935 473 3004 jacula,
486 2946 513 2990 et
522 2954 574 3010 pro
587 2937 716 2992 membris
727 2954 801 2992 arma
813 2936 903 3000 suere;
