<?xml version="1.0" encoding="UTF-8"?>
<!DOCTYPE html PUBLIC "-//W3C//DTD XHTML 1.0 Transitional//EN"
    "http://www.w3.org/TR/xhtml1/DTD/xhtml1-transitional.dtd">
<html xmlns="http://www.w3.org/1999/xhtml" xml:lang="en" lang="en">
 <head>
  <title>
</title>
<meta http-equiv="Content-Type" content="text/html;charset=utf-8" />
  <meta name='ocr-system' content='tesseract 3.04.00' />
  <meta name='ocr-capabilities' content='ocr_page ocr_carea ocr_par ocr_line ocrx_word'/>
</head>
<body>
  <div class='ocr_page' id='page_1' title='image "./cajisiliiitalic00unkngoog_0143.png"; bbox 0 0 2010 3450; ppageno 0'>
   <div class='ocr_carea' id='block_1_1' title="bbox 98 261 701 327">
    <p class='ocr_par' dir='ltr' id='par_1_1' title="bbox 98 261 701 327">
     <span class='ocr_line' id='line_1_1' title="bbox 98 261 701 327; baseline 0 -14"><span class='ocrx_word' id='word_1_1' title='bbox 98 276 147 327; x_wconf 82' lang='lat'><strong>134</strong></span> <span class='ocrx_word' id='word_1_2' title='bbox 275 270 366 313; x_wconf 27' lang='lat' dir='ltr'><strong>*alant</strong></span> <span class='ocrx_word' id='word_1_3' title='bbox 385 273 452 314; x_wconf 79' lang='lat' dir='ltr'><strong>xcv.</strong></span> <span class='ocrx_word' id='word_1_4' title='bbox 489 274 517 311; x_wconf 82' lang='lat' dir='ltr'><strong>v.</strong></span> <span class='ocrx_word' id='word_1_5' title='bbox 528 261 701 327; x_wconf 54' lang='grc' dir='ltr'><strong>ὄις-454.-ι</strong></span> 
     </span>
    </p>
   </div>
   <div class='ocr_carea' id='block_1_2' title="bbox 98 376 843 2208">
    <p class='ocr_par' dir='ltr' id='par_1_2' title="bbox 98 376 789 714">
     <span class='ocr_line' id='line_1_2' title="bbox 99 376 789 449; baseline 0.006 -19"><span class='ocrx_word' id='word_1_6' title='bbox 99 378 141 431; x_wconf 86' lang='lat' dir='ltr'><strong>Sic</strong></span> <span class='ocrx_word' id='word_1_7' title='bbox 153 378 258 431; x_wconf 89' lang='lat' dir='ltr'><strong>tandem</strong></span> <span class='ocrx_word' id='word_1_8' title='bbox 267 387 386 449; x_wconf 82' lang='lat' dir='ltr'><strong>ereptant</strong></span> <span class='ocrx_word' id='word_1_9' title='bbox 397 376 498 431; x_wconf 83' lang='lat' dir='ltr'><strong>morbis</strong></span> <span class='ocrx_word' id='word_1_10' title='bbox 509 379 689 448; x_wconf 81' lang='lat' dir='ltr'>grassantibus</span> <span class='ocrx_word' id='word_1_11' title='bbox 701 386 789 434; x_wconf 82' lang='lat' dir='ltr'><strong>armat</strong></span> 
     </span>
     <span class='ocr_line' id='line_1_3' title="bbox 98 465 706 538; baseline 0 -20"><span class='ocrx_word' id='word_1_12' title='bbox 98 465 248 521; x_wconf 86' lang='lat' dir='ltr'>Marcellus</span> <span class='ocrx_word' id='word_1_13' title='bbox 257 467 363 536; x_wconf 87' lang='lat' dir='ltr'>pubem,</span> <span class='ocrx_word' id='word_1_14' title='bbox 378 466 498 520; x_wconf 81' lang='lat' dir='ltr'><strong>lustratis</strong></span> <span class='ocrx_word' id='word_1_15' title='bbox 511 467 561 520; x_wconf 90' lang='lat' dir='ltr'><strong>rite</strong></span> <span class='ocrx_word' id='word_1_16' title='bbox 573 467 706 538; x_wconf 88' lang='lat' dir='ltr'><strong>maniplis.</strong></span> 
     </span>
     <span class='ocr_line' id='line_1_4' title="bbox 101 553 787 624; baseline 0.004 -18"><span class='ocrx_word' id='word_1_17' title='bbox 101 553 282 609; x_wconf 78' lang='lat' dir='ltr'><strong>Circumstant</strong></span> <span class='ocrx_word' id='word_1_18' title='bbox 293 555 393 607; x_wconf 81' lang='lat' dir='ltr'><strong>alacres</strong></span> <span class='ocrx_word' id='word_1_19' title='bbox 404 553 488 623; x_wconf 82' lang='lat' dir='ltr'><strong>signa,</strong></span> <span class='ocrx_word' id='word_1_20' title='bbox 501 553 650 624; x_wconf 87' lang='lat' dir='ltr'><strong>auditisque</strong></span> <span class='ocrx_word' id='word_1_21' title='bbox 657 555 787 609; x_wconf 89' lang='lat' dir='ltr'><strong>tubantm</strong></span> 
     </span>
     <span class='ocr_line' id='line_1_5' title="bbox 100 642 747 714; baseline 0.002 -19"><span class='ocrx_word' id='word_1_22' title='bbox 100 643 244 713; x_wconf 87' lang='lat' dir='ltr'><strong>Respirant</strong></span> <span class='ocrx_word' id='word_1_23' title='bbox 256 642 311 696; x_wconf 82' lang='lat' dir='ltr'><strong>laeti</strong></span> <span class='ocrx_word' id='word_1_24' title='bbox 320 642 502 714; x_wconf 79' lang='lat' dir='ltr'><strong>clangoribus.</strong></span> <span class='ocrx_word' id='word_1_25' title='bbox 521 642 577 696; x_wconf 87' lang='lat' dir='ltr'><strong>itur</strong></span> <span class='ocrx_word' id='word_1_26' title='bbox 588 642 615 695; x_wconf 92' lang='lat' dir='ltr'><strong>in</strong></span> <span class='ocrx_word' id='word_1_27' title='bbox 628 643 747 710; x_wconf 75' lang='lat' dir='ltr'><strong>hostem3</strong></span> 
     </span>
    </p>

    <p class='ocr_par' dir='ltr' id='par_1_3' title="bbox 100 728 717 800">
     <span class='ocr_line' id='line_1_6' title="bbox 100 728 717 800; baseline 0.003 -18"><span class='ocrx_word' id='word_1_28' title='bbox 100 731 147 793; x_wconf 89' lang='lat' dir='ltr'><strong>Et,</strong></span> <span class='ocrx_word' id='word_1_29' title='bbox 162 729 182 782; x_wconf 92' lang='lat' dir='ltr'><strong>si</strong></span> <span class='ocrx_word' id='word_1_30' title='bbox 194 728 248 784; x_wconf 85' lang='lat' dir='ltr'><strong>fata</strong></span> <span class='ocrx_word' id='word_1_31' title='bbox 260 729 355 794; x_wconf 85' lang='lat' dir='ltr'><strong>ferant,</strong></span> <span class='ocrx_word' id='word_1_32' title='bbox 366 731 444 796; x_wconf 88' lang='lat' dir='ltr'><strong>juvat</strong></span> <span class='ocrx_word' id='word_1_33' title='bbox 450 729 524 783; x_wconf 89' lang='lat' dir='ltr'><strong>inter</strong></span> <span class='ocrx_word' id='word_1_34' title='bbox 535 729 632 800; x_wconf 85' lang='lat' dir='ltr'><strong>proelia</strong></span> <span class='ocrx_word' id='word_1_35' title='bbox 643 729 717 784; x_wconf 85' lang='lat' dir='ltr'><strong>ferro</strong></span> 
     </span>
    </p>

    <p class='ocr_par' dir='ltr' id='par_1_4' title="bbox 100 816 843 1414">
     <span class='ocr_line' id='line_1_7' title="bbox 102 816 807 887; baseline 0.006 -18"><span class='ocrx_word' id='word_1_36' title='bbox 102 817 181 870; x_wconf 89' lang='lat' dir='ltr'><strong>Posse</strong></span> <span class='ocrx_word' id='word_1_37' title='bbox 193 819 271 871; x_wconf 89' lang='lat' dir='ltr'><strong>mori.</strong></span> <span class='ocrx_word' id='word_1_38' title='bbox 291 816 400 872; x_wconf 86' lang='lat' dir='ltr'><strong>Socidm</strong></span> <span class='ocrx_word' id='word_1_39' title='bbox 411 817 528 883; x_wconf 84' lang='lat' dir='ltr'><strong>miseret,</strong></span> <span class='ocrx_word' id='word_1_40' title='bbox 542 816 587 885; x_wconf 93' lang='lat' dir='ltr'><strong>qui</strong></span> <span class='ocrx_word' id='word_1_41' title='bbox 599 826 669 870; x_wconf 85' lang='lat' dir='ltr'><strong>sorte</strong></span> <span class='ocrx_word' id='word_1_42' title='bbox 681 817 807 887; x_wconf 88' lang='lat' dir='ltr'><strong>pudenda</strong></span> 
     </span>
     <span class='ocr_line' id='line_1_8' title="bbox 100 904 746 976; baseline 0.002 -19"><span class='ocrx_word' id='word_1_43' title='bbox 100 908 134 958; x_wconf 94' lang='lat' dir='ltr'><strong>ln</strong></span> <span class='ocrx_word' id='word_1_44' title='bbox 146 923 250 959; x_wconf 89' lang='lat' dir='ltr'><strong>morem</strong></span> <span class='ocrx_word' id='word_1_45' title='bbox 262 906 395 976; x_wconf 86' lang='lat' dir='ltr'><strong>pecudum</strong></span> <span class='ocrx_word' id='word_1_46' title='bbox 407 905 526 958; x_wconf 84' lang='lat' dir='ltr'><strong>effudere</strong></span> <span class='ocrx_word' id='word_1_47' title='bbox 538 904 672 959; x_wconf 87' lang='lat' dir='ltr'><strong>cubilibus</strong></span> <span class='ocrx_word' id='word_1_48' title='bbox 682 906 746 960; x_wconf 91' lang='lat' dir='ltr'><strong>atris</strong></span> 
     </span>
     <span class='ocr_line' id='line_1_9' title="bbox 101 989 843 1062; baseline 0.007 -20"><span class='ocrx_word' id='word_1_49' title='bbox 101 989 261 1044; x_wconf 82' lang='lat' dir='ltr'><strong>illaudatam</strong></span> <span class='ocrx_word' id='word_1_50' title='bbox 272 990 399 1044; x_wconf 87' lang='lat' dir='ltr'><strong>animam.</strong></span> <span class='ocrx_word' id='word_1_51' title='bbox 418 989 555 1044; x_wconf 90' lang='lat' dir='ltr'><strong>Tumulos</strong></span> <span class='ocrx_word' id='word_1_52' title='bbox 566 989 751 1062; x_wconf 85' lang='lat' dir='ltr'><strong>inhonoraque</strong></span> <span class='ocrx_word' id='word_1_53' title='bbox 762 993 843 1048; x_wconf 84' lang='lat' dir='ltr'><strong>busta</strong></span> 
     </span>
     <span class='ocr_line' id='line_1_10' title="bbox 102 1077 735 1148; baseline 0.002 -17"><span class='ocrx_word' id='word_1_54' title='bbox 102 1077 269 1147; x_wconf 89' lang='lat' dir='ltr'><strong>Respiciunt,</strong></span> <span class='ocrx_word' id='word_1_55' title='bbox 282 1089 319 1144; x_wconf 88' lang='lat' dir='ltr'><strong>et,</strong></span> <span class='ocrx_word' id='word_1_56' title='bbox 332 1077 382 1130; x_wconf 79' lang='lat' dir='ltr'><strong>vel&#39;</strong></span> <span class='ocrx_word' id='word_1_57' title='bbox 390 1077 467 1130; x_wconf 93' lang='lat' dir='ltr'><strong>nullo</strong></span> <span class='ocrx_word' id='word_1_58' title='bbox 475 1077 589 1143; x_wconf 83' lang='lat' dir='ltr'><strong>jacuisse</strong></span> <span class='ocrx_word' id='word_1_59' title='bbox 601 1078 735 1148; x_wconf 85' lang='lat' dir='ltr'><strong>sepulcro,</strong></span> 
     </span>
     <span class='ocr_line' id='line_1_11' title="bbox 101 1165 796 1240; baseline 0.004 -21"><span class='ocrx_word' id='word_1_60' title='bbox 101 1171 191 1240; x_wconf 81' lang='lat' dir='ltr'><strong>Qam</strong></span> <span class='ocrx_word' id='word_1_61' title='bbox 202 1165 331 1221; x_wconf 89' lang='lat' dir='ltr'><strong>debellari</strong></span> <span class='ocrx_word' id='word_1_62' title='bbox 342 1165 452 1231; x_wconf 90' lang='lat' dir='ltr'><strong>morbis,</strong></span> <span class='ocrx_word' id='word_1_63' title='bbox 465 1165 563 1236; x_wconf 84' lang='lat' dir='ltr'><strong>placet.</strong></span> <span class='ocrx_word' id='word_1_64' title='bbox 582 1165 680 1219; x_wconf 84' lang='lat' dir='ltr'><strong>Ardua</strong></span> <span class='ocrx_word' id='word_1_65' title='bbox 690 1167 796 1236; x_wconf 85' lang='lat' dir='ltr'><strong>primus</strong></span> 
     </span>
     <span class='ocr_line' id='line_1_12' title="bbox 101 1255 769 1326; baseline 0.001 -17"><span class='ocrx_word' id='word_1_66' title='bbox 101 1257 150 1310; x_wconf 94' lang='lat' dir='ltr'><strong>Ad</strong></span> <span class='ocrx_word' id='word_1_67' title='bbox 162 1274 253 1310; x_wconf 90' lang='lat' dir='ltr'><strong>muros</strong></span> <span class='ocrx_word' id='word_1_68' title='bbox 264 1257 324 1321; x_wconf 72' lang='lat' dir='ltr'><strong>dux,</strong></span> <span class='ocrx_word' id='word_1_69' title='bbox 332 1255 406 1326; x_wconf 86' lang='lat' dir='ltr'><strong>signa</strong></span> <span class='ocrx_word' id='word_1_70' title='bbox 417 1255 497 1325; x_wconf 87' lang='lat' dir='ltr'><strong>rapit.</strong></span> <span class='ocrx_word' id='word_1_71' title='bbox 516 1255 543 1309; x_wconf 93' lang='lat' dir='ltr'>T</span> <span class='ocrx_word' id='word_1_72' title='bbox 545 1264 643 1308; x_wconf 88' lang='lat' dir='ltr'><strong>enuata</strong></span> <span class='ocrx_word' id='word_1_73' title='bbox 652 1255 769 1320; x_wconf 85' lang='lat' dir='ltr'><strong>jacendo</strong></span> 
     </span>
     <span class='ocr_line' id='line_1_13' title="bbox 102 1338 740 1414; baseline -0.006 -18"><span class='ocrx_word' id='word_1_74' title='bbox 102 1343 139 1396; x_wconf 86' lang='lat' dir='ltr'><strong>Et</strong></span> <span class='ocrx_word' id='word_1_75' title='bbox 151 1343 233 1397; x_wconf 89' lang='lat' dir='ltr'><strong>macie</strong></span> <span class='ocrx_word' id='word_1_76' title='bbox 244 1338 507 1414; x_wconf 83' lang='lat' dir='ltr'><strong>galeis&#39;abscondunt</strong></span> <span class='ocrx_word' id='word_1_77' title='bbox 518 1358 576 1405; x_wconf 92' lang='lat' dir='ltr'><strong>ora,</strong></span> <span class='ocrx_word' id='word_1_78' title='bbox 588 1339 740 1411; x_wconf 75' lang='lat' dir='ltr'><strong>malusque,</strong></span> 
     </span>
    </p>

    <p class='ocr_par' dir='ltr' id='par_1_5' title="bbox 102 1429 821 2208">
     <span class='ocr_line' id='line_1_14' title="bbox 102 1429 687 1502; baseline -0.005 -17"><span class='ocrx_word' id='word_1_79' title='bbox 102 1433 144 1485; x_wconf 85' lang='lat' dir='ltr'><strong>Ne</strong></span> <span class='ocrx_word' id='word_1_80' title='bbox 157 1430 190 1484; x_wconf 88' lang='lat' dir='ltr'><strong>sit</strong></span> <span class='ocrx_word' id='word_1_81' title='bbox 203 1448 260 1502; x_wconf 86' lang='lat' dir='ltr'><strong>spes</strong></span> <span class='ocrx_word' id='word_1_82' title='bbox 273 1431 352 1495; x_wconf 90' lang='lat' dir='ltr'><strong>hosti,</strong></span> <span class='ocrx_word' id='word_1_83' title='bbox 362 1430 470 1485; x_wconf 84' lang='lat' dir='ltr'><strong>velatur</strong></span> <span class='ocrx_word' id='word_1_84' title='bbox 481 1429 579 1484; x_wconf 86' lang='lat' dir='ltr'><strong>casside</strong></span> <span class='ocrx_word' id='word_1_85' title='bbox 589 1429 687 1500; x_wconf 86' lang='lat' dir='ltr'><strong>pallor.</strong></span> 
     </span>
     <span class='ocr_line' id='line_1_15' title="bbox 103 1517 803 1590; baseline 0.004 -20"><span class='ocrx_word' id='word_1_86' title='bbox 103 1519 255 1573; x_wconf 87' lang='lat' dir='ltr'><strong>Infundunt</strong></span> <span class='ocrx_word' id='word_1_87' title='bbox 268 1519 391 1590; x_wconf 90' lang='lat' dir='ltr'><strong>rapidum</strong></span> <span class='ocrx_word' id='word_1_88' title='bbox 402 1517 537 1572; x_wconf 83' lang='lat' dir='ltr'><strong>convulsis</strong></span> <span class='ocrx_word' id='word_1_89' title='bbox 549 1517 685 1572; x_wconf 87' lang='lat' dir='ltr'><strong>moenibus</strong></span> <span class='ocrx_word' id='word_1_90' title='bbox 696 1535 803 1590; x_wconf 84' lang='lat' dir='ltr'><strong>agmen,</strong></span> 
     </span>
     <span class='ocr_line' id='line_1_16' title="bbox 105 1603 773 1677; baseline 0 -19"><span class='ocrx_word' id='word_1_91' title='bbox 105 1606 292 1677; x_wconf 89' lang='lat' dir='ltr'><strong>Condensique</strong></span> <span class='ocrx_word' id='word_1_92' title='bbox 303 1617 401 1659; x_wconf 86' lang='lat' dir='ltr'><strong>ruunt:</strong></span> <span class='ocrx_word' id='word_1_93' title='bbox 423 1615 463 1659; x_wconf 93' lang='lat' dir='ltr'><strong>tot</strong></span> <span class='ocrx_word' id='word_1_94' title='bbox 474 1603 553 1658; x_wconf 85' lang='lat' dir='ltr'><strong>bellis</strong></span> <span class='ocrx_word' id='word_1_95' title='bbox 564 1604 637 1658; x_wconf 89' lang='lat' dir='ltr'><strong>invia</strong></span> <span class='ocrx_word' id='word_1_96' title='bbox 648 1615 728 1671; x_wconf 88' lang='lat' dir='ltr'><strong>tecta,</strong></span> <span class='ocrx_word' id='word_1_97' title='bbox 744 1662 748 1667; x_wconf 67' lang='grc'><strong>,</strong></span> <span class='ocrx_word' id='word_1_98' title='bbox 770 1631 773 1635; x_wconf 92' lang='grc'><em>·</em></span> 
     </span>
     <span class='ocr_line' id='line_1_17' title="bbox 104 1692 756 1764; baseline -0.002 -17"><span class='ocrx_word' id='word_1_99' title='bbox 104 1695 215 1764; x_wconf 83' lang='lat' dir='ltr'><strong>Totque</strong></span> <span class='ocrx_word' id='word_1_100' title='bbox 226 1711 280 1748; x_wconf 93' lang='lat' dir='ltr'><strong>uno</strong></span> <span class='ocrx_word' id='word_1_101' title='bbox 292 1694 407 1747; x_wconf 75' lang='lat' dir='ltr'><strong>introitu·</strong></span> <span class='ocrx_word' id='word_1_102' title='bbox 414 1693 559 1764; x_wconf 88' lang='lat' dir='ltr'><strong>capiuntur</strong></span> <span class='ocrx_word' id='word_1_103' title='bbox 570 1692 662 1762; x_wconf 89' lang='lat' dir='ltr'><strong>militis</strong></span> <span class='ocrx_word' id='word_1_104' title='bbox 672 1711 756 1748; x_wconf 86' lang='lat' dir='ltr'><strong>arces.</strong></span> 
     </span>
     <span class='ocr_line' id='line_1_18' title="bbox 105 1784 821 1856; baseline 0.006 -18"><span class='ocrx_word' id='word_1_105' title='bbox 105 1786 220 1850; x_wconf 90' lang='lat' dir='ltr'><strong>Totum,</strong></span> <span class='ocrx_word' id='word_1_106' title='bbox 234 1802 288 1855; x_wconf 90' lang='lat' dir='ltr'><strong>qua</strong></span> <span class='ocrx_word' id='word_1_107' title='bbox 298 1785 409 1838; x_wconf 88' lang='lat' dir='ltr'><strong>vehitur</strong></span> <span class='ocrx_word' id='word_1_108' title='bbox 418 1784 511 1848; x_wconf 87' lang='lat' dir='ltr'><strong>Titan,</strong></span> <span class='ocrx_word' id='word_1_109' title='bbox 524 1784 648 1838; x_wconf 91' lang='lat' dir='ltr'><strong>nonulla</strong></span> <span class='ocrx_word' id='word_1_110' title='bbox 658 1801 707 1856; x_wconf 84' lang='lat' dir='ltr'><strong>per</strong></span> <span class='ocrx_word' id='word_1_111' title='bbox 717 1787 821 1843; x_wconf 90' lang='lat' dir='ltr'><strong>orbem·</strong></span> 
     </span>
     <span class='ocr_line' id='line_1_19' title="bbox 104 1863 799 1944; baseline 0.001 -19"><span class='ocrx_word' id='word_1_112' title='bbox 104 1874 132 1926; x_wconf 92' lang='lat' dir='ltr'>T</span> <span class='ocrx_word' id='word_1_113' title='bbox 134 1890 181 1925; x_wconf 90' lang='lat' dir='ltr'><strong>um</strong></span> <span class='ocrx_word' id='word_1_114' title='bbox 192 1890 246 1926; x_wconf 88' lang='lat' dir='ltr'><strong>sese</strong></span> <span class='ocrx_word' id='word_1_115' title='bbox 259 1873 406 1926; x_wconf 86' lang='lat' dir='ltr'><strong>Isthmiacis</strong></span> <span class='ocrx_word' id='word_1_116' title='bbox 418 1871 566 1940; x_wconf 73' lang='lat' dir='ltr'><strong>aequdssent</strong></span> <span class='ocrx_word' id='word_1_117' title='bbox 577 1872 678 1944; x_wconf 89' lang='lat' dir='ltr'><strong>oppida</strong></span> <span class='ocrx_word' id='word_1_118' title='bbox 688 1873 775 1928; x_wconf 79' lang='lat' dir='ltr'><strong>tectis.</strong></span> <span class='ocrx_word' id='word_1_119' title='bbox 796 1863 799 1868; x_wconf 36' lang='grc'>“</span> 
     </span>
     <span class='ocr_line' id='line_1_20' title="bbox 104 1960 814 2032; baseline 0.004 -17"><span class='ocrx_word' id='word_1_120' title='bbox 104 1963 161 2015; x_wconf 92' lang='lat' dir='ltr'><strong>Tot</strong></span> <span class='ocrx_word' id='word_1_121' title='bbox 173 1961 286 2016; x_wconf 90' lang='lat' dir='ltr'><strong>delubra</strong></span> <span class='ocrx_word' id='word_1_122' title='bbox 298 1961 398 2027; x_wconf 77' lang='lat' dir='ltr'><strong>Derim,</strong></span> <span class='ocrx_word' id='word_1_123' title='bbox 413 1970 505 2031; x_wconf 91' lang='lat' dir='ltr'><strong>totque</strong></span> <span class='ocrx_word' id='word_1_124' title='bbox 517 1960 587 2014; x_wconf 93' lang='lat' dir='ltr'><strong>intra</strong></span> <span class='ocrx_word' id='word_1_125' title='bbox 599 1962 699 2014; x_wconf 90' lang='lat' dir='ltr'><strong>moenia</strong></span> <span class='ocrx_word' id='word_1_126' title='bbox 708 1973 814 2032; x_wconf 83' lang='lat' dir='ltr'><strong>portus,</strong></span> 
     </span>
     <span class='ocr_line' id='line_1_21' title="bbox 105 2048 798 2126; baseline 0.001 -24"><span class='ocrx_word' id='word_1_127' title='bbox 105 2050 186 2103; x_wconf 91' lang='lat' dir='ltr'><strong>Adde</strong></span> <span class='ocrx_word' id='word_1_128' title='bbox 199 2051 265 2116; x_wconf 85' lang='lat' dir='ltr'><strong>fora,</strong></span> <span class='ocrx_word' id='word_1_129' title='bbox 278 2061 305 2105; x_wconf 88' lang='lat' dir='ltr'><strong>et</strong></span> <span class='ocrx_word' id='word_1_130' title='bbox 316 2048 391 2103; x_wconf 85' lang='lat' dir='ltr'><strong>celsis</strong></span> <span class='ocrx_word' id='word_1_131' title='bbox 405 2059 527 2120; x_wconf 85' lang='lat' dir='ltr'><strong>suggesta</strong></span> <span class='ocrx_word' id='word_1_132' title='bbox 539 2049 643 2102; x_wconf 88' lang='lat' dir='ltr'><strong>theatra</strong></span> <span class='ocrx_word' id='word_1_133' title='bbox 653 2049 798 2126; x_wconf 84' lang='lat' dir='ltr'><strong>columnis,</strong></span> 
     </span>
     <span class='ocr_line' id='line_1_22' title="bbox 106 2135 764 2208; baseline 0 -17"><span class='ocrx_word' id='word_1_134' title='bbox 106 2138 298 2208; x_wconf 88' lang='lat' dir='ltr'><strong>Certantesque</strong></span> <span class='ocrx_word' id='word_1_135' title='bbox 311 2136 378 2191; x_wconf 89' lang='lat' dir='ltr'><strong>mari</strong></span> <span class='ocrx_word' id='word_1_136' title='bbox 389 2136 482 2201; x_wconf 84' lang='lat' dir='ltr'><strong>moles,</strong></span> <span class='ocrx_word' id='word_1_137' title='bbox 495 2137 562 2193; x_wconf 75' lang='lat' dir='ltr'><strong>adde</strong></span> <span class='ocrx_word' id='word_1_138' title='bbox 574 2135 668 2190; x_wconf 90' lang='lat' dir='ltr'><strong>ordine</strong></span> <span class='ocrx_word' id='word_1_139' title='bbox 680 2136 764 2208; x_wconf 86' lang='lat' dir='ltr'><strong>longo</strong></span> 
     </span>
    </p>
   </div>
   <div class='ocr_carea' id='block_1_3' title="bbox 27 2225 787 2297">
    <p class='ocr_par' dir='ltr' id='par_1_6' title="bbox 27 2225 787 2297">
     <span class='ocr_line' id='line_1_23' title="bbox 27 2225 787 2297; baseline 0.005 -21"><span class='ocrx_word' id='word_1_140' title='bbox 27 2270 30 2276; x_wconf 91' lang='grc'>.</span> <span class='ocrx_word' id='word_1_141' title='bbox 106 2230 264 2280; x_wconf 88' lang='lat' dir='ltr'><strong>Innumeras</strong></span> <span class='ocrx_word' id='word_1_142' title='bbox 275 2227 411 2297; x_wconf 88' lang='lat' dir='ltr'><strong>spatioque</strong></span> <span class='ocrx_word' id='word_1_143' title='bbox 422 2225 525 2290; x_wconf 90' lang='lat' dir='ltr'><strong>domos,</strong></span> <span class='ocrx_word' id='word_1_144' title='bbox 540 2243 646 2296; x_wconf 79' lang='lat' dir='ltr'><strong>aequare</strong></span> <span class='ocrx_word' id='word_1_145' title='bbox 658 2226 787 2297; x_wconf 84' lang='lat' dir='ltr'><strong>superbas</strong></span> 
     </span>
    </p>
   </div>
   <div class='ocr_carea' id='block_1_4' title="bbox 107 2312 830 3010">
    <p class='ocr_par' dir='ltr' id='par_1_7' title="bbox 107 2312 830 3010">
     <span class='ocr_line' id='line_1_24' title="bbox 107 2312 752 2386; baseline -0.005 -18"><span class='ocrx_word' id='word_1_146' title='bbox 107 2317 193 2368; x_wconf 88' lang='lat' dir='ltr'><strong>Rura.</strong></span> <span class='ocrx_word' id='word_1_147' title='bbox 213 2314 288 2386; x_wconf 90' lang='lat' dir='ltr'><strong>quid,</strong></span> <span class='ocrx_word' id='word_1_148' title='bbox 302 2314 418 2368; x_wconf 92' lang='lat' dir='ltr'><strong>inclusos</strong></span> <span class='ocrx_word' id='word_1_149' title='bbox 429 2324 554 2383; x_wconf 89' lang='lat' dir='ltr'><strong>porrecto</strong></span> <span class='ocrx_word' id='word_1_150' title='bbox 567 2312 651 2366; x_wconf 88' lang='lat' dir='ltr'><strong>limite</strong></span> <span class='ocrx_word' id='word_1_151' title='bbox 663 2313 752 2384; x_wconf 86' lang='lat' dir='ltr'><strong>longis</strong></span> 
     </span>
     <span class='ocr_line' id='line_1_25' title="bbox 108 2401 770 2468; baseline 0 -14"><span class='ocrx_word' id='word_1_152' title='bbox 108 2403 267 2466; x_wconf 87' lang='lat' dir='ltr'><strong>Porticibus,</strong></span> <span class='ocrx_word' id='word_1_153' title='bbox 281 2419 368 2456; x_wconf 90' lang='lat' dir='ltr'><strong>sacros</strong></span> <span class='ocrx_word' id='word_1_154' title='bbox 377 2403 511 2468; x_wconf 87' lang='lat' dir='ltr'><strong>juvenum</strong></span> <span class='ocrx_word' id='word_1_155' title='bbox 521 2402 666 2454; x_wconf 88' lang='lat' dir='ltr'><strong>certamine</strong></span> <span class='ocrx_word' id='word_1_156' title='bbox 678 2401 770 2456; x_wconf 79' lang='lat' dir='ltr'><strong>lucos?</strong></span> 
     </span>
     <span class='ocr_line' id='line_1_26' title="bbox 138 2490 753 2562; baseline 0.003 -20"><span class='ocrx_word' id='word_1_157' title='bbox 138 2492 183 2543; x_wconf 88' lang='lat' dir='ltr'><strong>uid</strong></span> <span class='ocrx_word' id='word_1_158' title='bbox 195 2502 234 2544; x_wconf 92' lang='lat' dir='ltr'><strong>tot</strong></span> <span class='ocrx_word' id='word_1_159' title='bbox 245 2492 356 2562; x_wconf 89' lang='lat' dir='ltr'><strong>captivis</strong></span> <span class='ocrx_word' id='word_1_160' title='bbox 369 2490 502 2561; x_wconf 86' lang='lat' dir='ltr'><strong>fulgentia</strong></span> <span class='ocrx_word' id='word_1_161' title='bbox 512 2490 630 2549; x_wconf 84' lang='lat' dir='ltr'><strong>culmina</strong></span> <span class='ocrx_word' id='word_1_162' title='bbox 642 2491 753 2544; x_wconf 75' lang='lat' dir='ltr'><strong>rostris?</strong></span> 
     </span>
     <span class='ocr_line' id='line_1_27' title="bbox 108 2577 830 2650; baseline 0.01 -20"><span class='ocrx_word' id='word_1_163' title='bbox 108 2579 246 2644; x_wconf 81' lang='lat' dir='ltr'><strong>Armaque</strong></span> <span class='ocrx_word' id='word_1_164' title='bbox 258 2577 312 2630; x_wconf 84' lang='lat' dir='ltr'><strong>fixa</strong></span> <span class='ocrx_word' id='word_1_165' title='bbox 322 2578 395 2644; x_wconf 91' lang='lat' dir='ltr'><strong>Deis,</strong></span> <span class='ocrx_word' id='word_1_166' title='bbox 409 2589 455 2634; x_wconf 89' lang='lat' dir='ltr'><strong>aut</strong></span> <span class='ocrx_word' id='word_1_167' title='bbox 469 2597 531 2650; x_wconf 86' lang='lat' dir='ltr'><strong>quae</strong></span> <span class='ocrx_word' id='word_1_168' title='bbox 543 2580 735 2635; x_wconf 87' lang='lat' dir='ltr'><strong>Marathonius</strong></span> <span class='ocrx_word' id='word_1_169' title='bbox 746 2581 830 2637; x_wconf 90' lang='lat' dir='ltr'><strong>hostis</strong></span> 
     </span>
     <span class='ocr_line' id='line_1_28' title="bbox 107 2665 800 2737; baseline 0.01 -20"><span class='ocrx_word' id='word_1_170' title='bbox 107 2665 234 2729; x_wconf 91' lang='lat' dir='ltr'><strong>Perdidit,</strong></span> <span class='ocrx_word' id='word_1_171' title='bbox 247 2676 293 2719; x_wconf 89' lang='lat' dir='ltr'><strong>aut</strong></span> <span class='ocrx_word' id='word_1_172' title='bbox 305 2666 389 2736; x_wconf 91' lang='lat' dir='ltr'><strong>Libya</strong></span> <span class='ocrx_word' id='word_1_173' title='bbox 401 2685 462 2737; x_wconf 86' lang='lat' dir='ltr'><strong>quae</strong></span> <span class='ocrx_word' id='word_1_174' title='bbox 474 2678 536 2720; x_wconf 89' lang='lat' dir='ltr'><strong>sunt</strong></span> <span class='ocrx_word' id='word_1_175' title='bbox 546 2668 658 2722; x_wconf 89' lang='lat' dir='ltr'><strong>advecta</strong></span> <span class='ocrx_word' id='word_1_176' title='bbox 671 2670 800 2724; x_wconf 77' lang='lat' dir='ltr'><strong>subacta?</strong></span> 
     </span>
     <span class='ocr_line' id='line_1_29' title="bbox 107 2752 673 2828; baseline 0.007 -22"><span class='ocrx_word' id='word_1_177' title='bbox 107 2752 161 2806; x_wconf 87' lang='lat' dir='ltr'><strong>Hic</strong></span> <span class='ocrx_word' id='word_1_178' title='bbox 174 2754 346 2823; x_wconf 81' lang='lat' dir='ltr'><strong>Agathocleis</strong></span> <span class='ocrx_word' id='word_1_179' title='bbox 357 2756 431 2808; x_wconf 88' lang='lat' dir='ltr'><strong>sedes</strong></span> <span class='ocrx_word' id='word_1_180' title='bbox 444 2766 536 2809; x_wconf 87' lang='lat' dir='ltr'><strong>ornata</strong></span> <span class='ocrx_word' id='word_1_181' title='bbox 548 2757 673 2828; x_wconf 83' lang='lat' dir='ltr'><strong>tropaeis:</strong></span> 
     </span>
     <span class='ocr_line' id='line_1_30' title="bbox 109 2839 774 2914; baseline 0.017 -24"><span class='ocrx_word' id='word_1_182' title='bbox 109 2839 162 2892; x_wconf 82' lang='lat' dir='ltr'><strong>Hic</strong></span> <span class='ocrx_word' id='word_1_183' title='bbox 174 2841 250 2901; x_wconf 86' lang='lat' dir='ltr'><strong>mites</strong></span> <span class='ocrx_word' id='word_1_184' title='bbox 263 2842 387 2901; x_wconf 79' lang='lat' dir='ltr'><strong>Hieronis</strong></span> <span class='ocrx_word' id='word_1_185' title='bbox 398 2860 475 2914; x_wconf 90' lang='lat' dir='ltr'><strong>opes:</strong></span> <span class='ocrx_word' id='word_1_186' title='bbox 495 2843 541 2898; x_wconf 88' lang='lat' dir='ltr'><strong>hic</strong></span> <span class='ocrx_word' id='word_1_187' title='bbox 554 2856 644 2899; x_wconf 89' lang='lat' dir='ltr'><strong>sancta</strong></span> <span class='ocrx_word' id='word_1_188' title='bbox 655 2855 774 2901; x_wconf 87' lang='lat' dir='ltr'><strong>vetustas</strong></span> 
     </span>
     <span class='ocr_line' id='line_1_31' title="bbox 108 2927 767 3010; baseline 0.011 -29"><span class='ocrx_word' id='word_1_189' title='bbox 108 2927 254 2983; x_wconf 87' lang='lat' dir='ltr'><strong>Artificum</strong></span> <span class='ocrx_word' id='word_1_190' title='bbox 265 2931 397 2989; x_wconf 85' lang='lat' dir='ltr'><strong>manibus.</strong></span> <span class='ocrx_word' id='word_1_191' title='bbox 418 2949 471 2988; x_wconf 90' lang='lat' dir='ltr'><strong>non</strong></span> <span class='ocrx_word' id='word_1_192' title='bbox 485 2949 598 3004; x_wconf 89' lang='lat' dir='ltr'><strong>usquam</strong></span> <span class='ocrx_word' id='word_1_193' title='bbox 608 2932 708 3010; x_wconf 81' lang='lat' dir='ltr'><strong>clarior</strong></span> <span class='ocrx_word' id='word_1_194' title='bbox 719 2933 767 2989; x_wconf 90' lang='lat' dir='ltr'><strong>illo</strong></span> 
     </span>
    </p>
   </div>
   <div class='ocr_carea' id='block_1_5' title="bbox 0 0 1022 3450">
    <p class='ocr_par' dir='ltr' id='par_1_8' title="bbox 0 0 1022 3450">
     <span class='ocr_line' id='line_1_32' title="bbox 0 0 1022 3450; baseline 0 0"><span class='ocrx_word' id='word_1_195' title='bbox 0 0 1022 3450; x_wconf 95' lang='lat' dir='ltr'><strong> </strong></span> 
     </span>
    </p>
   </div>
  </div>
 </body>
</html>
