2010 3450
133 275 182 330 ιρι
332 266 423 312 um
441 265 509 310 xvt.
544 271 574 309 v.
588 258 737 324 684-701.

129 377 224 430 Litora
232 376 286 429 lata
296 384 398 446 patent,
411 384 438 428 et
449 374 540 444 opima
550 391 615 446 pace
626 375 717 446 quieta

130 465 188 517 Stat
200 463 288 517 tellus.
307 463 399 515 timeat
410 462 518 515 tandem
532 463 682 534 Karthago,
695 463 785 516 timeri

130 555 256 618 Assueta,
267 562 295 605 et
305 551 391 616 nobis,
404 551 527 621 quamvis
537 550 667 606 OEnotria
677 551 799 604 nondum

130 640 281 695 Hannibale
292 656 358 693 arva
366 648 471 703 vacent,
483 654 618 707 superesse
630 638 762 710 intelligat
772 656 858 692 arma.

129 726 214 779 Illum
224 743 284 797 ego,
297 742 379 795 quem
390 725 494 779 vosmet
506 724 588 790 cauti,
600 725 774 794 consultaque
783 734 874 783 ¹vestra

129 817 163 867 In
176 813 252 867 Latio
263 812 350 868 fecere
361 830 460 879 senem,
473 813 517 867 cui
528 812 606 866 tertia
617 812 690 884 large

130 900 264 955 Fundenti
275 911 396 955 nostrum
408 900 546 954 ducuntur
557 901 642 954 lustra
653 917 789 965 cruorem,

128 988 214 1042 Illum
224 1006 274 1059 ego
285 987 319 1042 ad
330 989 448 1043 incensas
460 988 638 1059 trepidantem
649 999 675 1042 et
688 1007 747 1042 sera
757 997 895 1060 paventem

129 1074 262 1130 Avertam
273 1077 367 1147 patriae
378 1076 463 1131 sedes.
483 1078 531 1129 An
544 1077 634 1130 Roma
644 1076 748 1130 videbit

127 1164 235 1234 Turpia
246 1167 397 1234 Agenoreae
409 1163 493 1218 muris
505 1165 616 1235 vestigia
627 1165 746 1219 dextrael

130 1250 268 1322 Karthago
279 1250 406 1309 immunis
416 1261 521 1306 noaros
534 1268 626 1306 secura
638 1252 743 1306 labores

129 1338 232 1392 Audiet
243 1339 354 1405 interea,
366 1349 393 1392 et
405 1339 490 1410 portis
501 1339 612 1394 bellabit
623 1341 741 1410 apertis?

127 1428 204 1480 Turn
216 1444 281 1480 vero
293 1427 381 1497 pulset
394 1439 497 1480 nostras
508 1427 608 1481 iterum
619 1427 759 1496 improbus
769 1429 849 1484 hostis

128 1516 224 1568 Ariete
237 1515 344 1569 Sidonio
357 1526 453 1581 turres,
469 1516 489 1569 si
501 1516 602 1588 templa
614 1533 725 1570 suorum

128 1605 190 1657 Non
201 1614 262 1656 ante
272 1602 385 1656 audierit
395 1603 504 1657 Rutulis
515 1604 672 1675 crepitantia
684 1605 808 1660 flammis.

127 1692 242 1745 Talibus
253 1693 354 1746 accensi
367 1692 467 1756 Patres,
481 1691 588 1760 fatoque
600 1703 722 1758 vocante,
779 1738 785 1746 ,

129 1781 255 1834 Consulis
266 1792 418 1835 annuerunt
430 1781 516 1846 dictis,
527 1781 698 1852 faustumque
710 1784 811 1852 precati

128 1869 167 1922 Ut
178 1868 247 1923 foret
259 1870 399 1936 Ausoniae,
412 1870 560 1926 tramittere
572 1869 644 1924 bella
654 1870 795 1926 dederunt.
