2010 3450
97 271 131 334 ³8
306 276 396 320 srssn
415 277 460 319 xr.
494 265 685 336 nrm—294.

102 390 230 462 Qotque
241 364 300 439 auri
310 394 417 456 pateant
427 382 501 437 bello
511 383 665 454 argentique
676 380 786 437 talenta.

100 477 180 530 Nunc
193 475 278 543 qualis
290 473 393 530 frenata
404 474 482 538 acies,
496 489 567 526 nunc
575 472 670 526 deinde
682 472 812 543 pedestris

101 564 187 634 Copia
199 574 295 633 quanta
305 562 379 616 viris.
399 571 549 637 monstrant
561 561 695 632 Capitolia
707 560 787 626 celsa,
836 553 839 556 ’

101 653 274 724 Stellatesque
285 652 381 708 docent
392 668 508 723 campos,
523 653 704 723 Cereremque
715 653 870 725 benignam.

100 745 212 812 Jamque
223 745 296 798 diem'
304 745 339 797 ad
350 753 433 797 metas
444 743 551 796 defessis
561 743 681 796 Phoebus
691 742 814 814 Olympo

100 833 260 904 Impellebat
270 833 354 904 equis,
364 833 484 887 fuscabat
495 842 521 886 et
533 835 669 902 Hesperus
680 833 778 886 umbra

102 922 234 976 Paulatim
245 921 333 976 infusa
345 930 531 993 properantem
543 919 582 976 sd.
588 920 667 974 litora
678 934 799 974 currum.
864 931 870 936 “

101 1011 249 1064 Instituunt
259 1013 293 1065 de
307 1026 380 1064 more
392 1009 494 1080 epulas,
508 1009 655 1078 festamque
666 1025 716 1081 per
726 1010 825 1066 urbem
840 1051 845 1057 -

102 1097 221 1170 Regifice
232 1098 375 1153 exstructis
385 1098 521 1152 celebrant
533 1098 658 1152 convivia
668 1098 775 1153 mensis.

102 1186 279 1259 lpse„Defrm
289 1188 365 1241 cultu
376 1198 404 1240 et
416 1203 490 1241 sacro
502 1188 626 1258 dignatus
637 1189 749 1252 honore,

103 1277 257 1347 Praecipuus
269 1277 408 1346 multoque
420 1274 515 1345 procul
529 1275 729 1346 splendentibus
741 1285 816 1332 ostro
906 1302 910 1308 ’

103 1366 245 1436 Accipitur
253 1366 367 1420 sublime
380 1365 459 1419 toris:
481 1381 535 1417 non
547 1382 601 1418 una
612 1364 726 1418 ministri
760 1399 764 1405 -

104 1455 200 1508 Turba
211 1453 314 1525 gregis:
334 1454 452 1524 posuisse
462 1454 544 1524 dapes
556 1452 596 1508 his
610 1453 785 1518 additarum,

103 1542 153 1597 llis
163 1541 269 1595 adolere
281 1541 365 1607 focos,
380 1542 422 1595 his
433 1541 525 1595 ordine
538 1541 634 1612 pocula
646 1542 726 1596 ferre.

103 1633 214 1684 Necnon
228 1640 255 1683 et
266 1630 345 1685 certis
358 1629 470 1684 struitur
481 1646 588 1700 penus·
599 1632 704 1700 Aspera
716 1648 806 1687 mensa

105 1725 227 1778 Pondera
238 1724 322 1778 caelati
336 1722 441 1794 fulgent
452 1721 600 1793 antiquitus
610 1723 678 1776 auri.

103 1813 229 1884 Eripiunt
243 1813 359 1866 fiammae
369 1821 484 1874 noctem,
498 1811 663 1882 strepituque
675 1820 833 1866 moventum

104 1901 262 1955 Murmurat
273 1900 327 1954 alta
338 1899 445 1952 domus.
465 1901 559 1968 Stupet
572 1899 742 1953 inconsuetus
752 1900 851 1972 opimae

97 1990 229 2065 ¹Sidonius
241 1985 436 2053 mensae'miles,
451 1987 598 2057 faciemque
611 1987 719 2057 superbi

105 2081 228 2149 Ignotam
241 2076 321 2129 luxus
333 2075 419 2128 oculis
431 2073 590 2128 mirantibus
601 2073 700 2127 haurit.

104 2165 229 2219 Vescitur
241 2165 295 2235 ipse
307 2164 396 2228 silens,
411 2172 437 2216 et
450 2171 538 2215 tantos
550 2162 658 2215 damnat
671 2155 787 2216 horrores
872 2181 875 2188 ¹

105 2254 170 2306 Esse
182 2253 277 2324 epulis,
290 2253 433 2323 facilesque
444 2251 497 2306 coli
510 2262 585 2304 tanto
597 2250 702 2324 agmine
714 2268 829 2306 mensas.

106 2343 200 2396 Donec
212 2341 288 2412 pulsa
299 2340 391 2405 fames,
405 2351 432 2394 et
446 2340 541 2394 Bacchi
553 2357 665 2394 munera
676 2340 774 2394 duram

105 2431 245 2486 Laxdnmt
256 2440 383 2484 mentem.
403 2441 462 2484 tum
474 2430 571 2485 frontis
582 2431 685 2484 reddita
695 2429 807 2484 demum

107 2519 220 2583 Laetitia,
236 2528 262 2571 et
273 2519 367 2588 positae
378 2517 515 2589 graviores
526 2527 635 2588 pectore
647 2534 730 2571 curae.

106 2607 232 2661 Personat
244 2607 364 2661 Euboica
374 2607 512 2660 Teuthras
523 2604 667 2670 testudine,
682 2605 784 2660 eumer

105 2690 207 2756 Incola,
219 2702 245 2744 et
257 2692 365 2745 obtusas
376 2690 473 2745 immiti
483 2703 622 2744 murmure
635 2707 714 2744 saevae

106 2781 181 2835 Inter
191 2779 262 2833 bella
272 2779 345 2833 tubae
356 2779 504 2849 permulcet
515 2778 638 2832 cantibus
650 2793 737 2832 aures.

103 2871 217 2937 Jamque
228 2869 325 2934 jovem
335 2876 361 2920 et
374 2866 449 2921 laetos
462 2883 511 2938 per
523 2866 594 2920 furta
605 2867 717 2920 canebat
728 2882 845 2933 amores,

104 2957 270 3026 Electraeque
279 2968 354 3011 ‘toros
368 2955 538 3011 Atlantidos:
558 2956 630 3011 unde
642 2965 757 3021 creatus,
