<?xml version="1.0" encoding="UTF-8"?>
<!DOCTYPE html PUBLIC "-//W3C//DTD XHTML 1.0 Transitional//EN"
    "http://www.w3.org/TR/xhtml1/DTD/xhtml1-transitional.dtd">
<html xmlns="http://www.w3.org/1999/xhtml" xml:lang="en" lang="en">
 <head>
  <title>
</title>
<meta http-equiv="Content-Type" content="text/html;charset=utf-8" />
  <meta name='ocr-system' content='tesseract 3.04.00' />
  <meta name='ocr-capabilities' content='ocr_page ocr_carea ocr_par ocr_line ocrx_word'/>
</head>
<body>
  <div class='ocr_page' id='page_1' title='image "./cajisiliiitalic00unkngoog_0254.png"; bbox 0 0 2010 3450; ppageno 0'>
   <div class='ocr_carea' id='block_1_1' title="bbox 412 295 869 370">
    <p class='ocr_par' dir='ltr' id='par_1_1' title="bbox 412 295 869 370">
     <span class='ocr_line' id='line_1_1' title="bbox 412 295 869 370; baseline 0.002 -35"><span class='ocrx_word' id='word_1_1' title='bbox 412 295 522 341; x_wconf 65' lang='grc' dir='ltr'><strong>ΝΟΜ.</strong></span> <span class='ocrx_word' id='word_1_2' title='bbox 822 306 869 370; x_wconf 58' lang='lat'>245</span> 
     </span>
    </p>
   </div>
   <div class='ocr_carea' id='block_1_2' title="bbox 58 398 867 550">
    <p class='ocr_par' dir='ltr' id='par_1_2' title="bbox 58 398 867 550">
     <span class='ocr_line' id='line_1_2' title="bbox 58 398 867 477; baseline 0.005 -22"><span class='ocrx_word' id='word_1_3' title='bbox 58 403 92 456; x_wconf 87' lang='lat' dir='ltr'>rii</span> <span class='ocrx_word' id='word_1_4' title='bbox 112 398 310 472; x_wconf 76' lang='lat' dir='ltr'>permutbrunt.</span> <span class='ocrx_word' id='word_1_5' title='bbox 342 400 447 463; x_wconf 87' lang='lat' dir='ltr'>Eodem</span> <span class='ocrx_word' id='word_1_6' title='bbox 467 402 548 462; x_wconf 88' lang='lat' dir='ltr'>modo</span> <span class='ocrx_word' id='word_1_7' title='bbox 569 402 650 464; x_wconf 89' lang='lat' dir='ltr'>etiam</span> <span class='ocrx_word' id='word_1_8' title='bbox 671 405 820 477; x_wconf 67' lang='lat' dir='ltr'>peccarunt</span> <span class='ocrx_word' id='word_1_9' title='bbox 840 407 867 459; x_wconf 91' lang='lat' dir='ltr'>in</span> 
     </span>
     <span class='ocr_line' id='line_1_3' title="bbox 59 490 381 550; baseline 0 -8"><span class='ocrx_word' id='word_1_10' title='bbox 59 490 174 550; x_wconf 83' lang='lat' dir='ltr'>vocibus</span> <span class='ocrx_word' id='word_1_11' title='bbox 188 490 258 546; x_wconf 86' lang='lat' dir='ltr'>Mars</span> <span class='ocrx_word' id='word_1_12' title='bbox 273 500 300 541; x_wconf 88' lang='lat' dir='ltr'>et</span> <span class='ocrx_word' id='word_1_13' title='bbox 312 507 381 544; x_wconf 78' lang='lat' dir='ltr'>nors.</span> 
     </span>
    </p>
   </div>
   <div class='ocr_carea' id='block_1_3' title="bbox 58 578 867 1100">
    <p class='ocr_par' dir='ltr' id='par_1_3' title="bbox 58 578 867 814">
     <span class='ocr_line' id='line_1_4' title="bbox 92 578 867 656; baseline 0.004 -23"><span class='ocrx_word' id='word_1_14' title='bbox 92 596 154 646; x_wconf 83' lang='lat'>503.</span> <span class='ocrx_word' id='word_1_15' title='bbox 175 578 374 632; x_wconf 64' lang='lat' dir='ltr'>munerandum</span> <span class='ocrx_word' id='word_1_16' title='bbox 386 580 496 652; x_wconf 83' lang='lat' dir='ltr'>virgine]</span> <span class='ocrx_word' id='word_1_17' title='bbox 515 580 556 636; x_wconf 90' lang='lat' dir='ltr'>Sic</span> <span class='ocrx_word' id='word_1_18' title='bbox 575 582 630 635; x_wconf 91' lang='lat' dir='ltr'>duo</span> <span class='ocrx_word' id='word_1_19' title='bbox 642 584 733 656; x_wconf 80' lang='lat' dir='ltr'>scripti</span> <span class='ocrx_word' id='word_1_20' title='bbox 755 584 793 654; x_wconf 85' lang='lat' dir='ltr'>(si</span> <span class='ocrx_word' id='word_1_21' title='bbox 802 584 867 640; x_wconf 84' lang='lat' dir='ltr'>fides</span> 
     </span>
     <span class='ocr_line' id='line_1_5' title="bbox 58 668 865 737; baseline -0.004 -12"><span class='ocrx_word' id='word_1_22' title='bbox 58 671 206 733; x_wconf 81' lang='lat' dir='ltr'>Lefeburio</span> <span class='ocrx_word' id='word_1_23' title='bbox 215 671 337 725; x_wconf 90' lang='lat' dir='ltr'>habenda</span> <span class='ocrx_word' id='word_1_24' title='bbox 344 672 407 737; x_wconf 88' lang='lat' dir='ltr'>est).</span> <span class='ocrx_word' id='word_1_25' title='bbox 419 668 510 723; x_wconf 85' lang='lat' dir='ltr'>Heius.</span> <span class='ocrx_word' id='word_1_26' title='bbox 519 687 535 722; x_wconf 91' lang='lat' dir='ltr'>a</span> <span class='ocrx_word' id='word_1_27' title='bbox 544 669 631 724; x_wconf 85' lang='lat' dir='ltr'>codd.</span> <span class='ocrx_word' id='word_1_28' title='bbox 641 671 722 726; x_wconf 78' lang='lat' dir='ltr'>Mss,</span> <span class='ocrx_word' id='word_1_29' title='bbox 734 688 763 720; x_wconf 79' lang='grc' dir='ltr'>το</span> <span class='ocrx_word' id='word_1_30' title='bbox 773 689 789 724; x_wconf 84' lang='lat' dir='ltr'>a</span> <span class='ocrx_word' id='word_1_31' title='bbox 801 687 865 723; x_wconf 90' lang='lat' dir='ltr'>con-</span> 
     </span>
     <span class='ocr_line' id='line_1_6' title="bbox 58 761 414 814; baseline -0.006 -1"><span class='ocrx_word' id='word_1_32' title='bbox 58 770 161 814; x_wconf 81' lang='lat' dir='ltr'>stanter</span> <span class='ocrx_word' id='word_1_33' title='bbox 172 761 263 814; x_wconf 87' lang='lat' dir='ltr'>abesse</span> <span class='ocrx_word' id='word_1_34' title='bbox 274 768 414 812; x_wconf 88' lang='lat' dir='ltr'>memorat.</span> 
     </span>
    </p>

    <p class='ocr_par' dir='ltr' id='par_1_4' title="bbox 59 847 866 1010">
     <span class='ocr_line' id='line_1_7' title="bbox 94 847 866 921; baseline 0 -19"><span class='ocrx_word' id='word_1_35' title='bbox 94 868 157 916; x_wconf 71' lang='lat'>514,</span> <span class='ocrx_word' id='word_1_36' title='bbox 177 869 244 921; x_wconf 82' lang='lat' dir='ltr'>quen</span> <span class='ocrx_word' id='word_1_37' title='bbox 254 849 310 903; x_wconf 92' lang='lat' dir='ltr'>duo</span> <span class='ocrx_word' id='word_1_38' title='bbox 321 847 412 916; x_wconf 86' lang='lat' dir='ltr'>scripti</span> <span class='ocrx_word' id='word_1_39' title='bbox 424 863 487 901; x_wconf 90' lang='lat' dir='ltr'>cum</span> <span class='ocrx_word' id='word_1_40' title='bbox 499 847 570 900; x_wconf 90' lang='lat' dir='ltr'>Edit.</span> <span class='ocrx_word' id='word_1_41' title='bbox 587 848 681 918; x_wconf 89' lang='lat' dir='ltr'>Pomp.</span> <span class='ocrx_word' id='word_1_42' title='bbox 695 858 722 902; x_wconf 88' lang='lat' dir='ltr'>et</span> <span class='ocrx_word' id='word_1_43' title='bbox 734 847 866 907; x_wconf 71' lang='lat' dir='ltr'>Leno.-</span> 
     </span>
     <span class='ocr_line' id='line_1_8' title="bbox 59 935 433 1010; baseline 0 -19"><span class='ocrx_word' id='word_1_44' title='bbox 59 938 119 992; x_wconf 84' lang='lat' dir='ltr'>Alii</span> <span class='ocrx_word' id='word_1_45' title='bbox 131 956 192 1010; x_wconf 77' lang='lat' dir='ltr'>quo.</span> <span class='ocrx_word' id='word_1_46' title='bbox 222 954 276 990; x_wconf 91' lang='lat' dir='ltr'>non</span> <span class='ocrx_word' id='word_1_47' title='bbox 287 935 433 1006; x_wconf 85' lang='lat' dir='ltr'>sequimur.</span> 
     </span>
    </p>

    <p class='ocr_par' dir='ltr' id='par_1_5' title="bbox 94 1021 866 1100">
     <span class='ocr_line' id='line_1_9' title="bbox 94 1021 866 1100; baseline 0.001 -24"><span class='ocrx_word' id='word_1_48' title='bbox 94 1044 109 1089; x_wconf 79' lang='lat'><em>5</em></span> <span class='ocrx_word' id='word_1_49' title='bbox 112 1042 156 1092; x_wconf 87' lang='lat'>30.</span> <span class='ocrx_word' id='word_1_50' title='bbox 177 1025 227 1076; x_wconf 67' lang='lat' dir='ltr'>teto</span> <span class='ocrx_word' id='word_1_51' title='bbox 236 1024 334 1093; x_wconf 81' lang='lat' dir='ltr'><em>bipenni</em></span> <span class='ocrx_word' id='word_1_52' title='bbox 343 1021 524 1088; x_wconf 85' lang='lat' dir='ltr'>scribendum,</span> <span class='ocrx_word' id='word_1_53' title='bbox 538 1022 582 1075; x_wconf 90' lang='lat' dir='ltr'>vel</span> <span class='ocrx_word' id='word_1_54' title='bbox 592 1023 683 1078; x_wconf 81' lang='lat' dir='ltr'>invitis</span> <span class='ocrx_word' id='word_1_55' title='bbox 695 1023 866 1100; x_wconf 70' lang='lat' dir='ltr'>membranis,</span> 
     </span>
    </p>
   </div>
   <div class='ocr_carea' id='block_1_4' title="bbox 38 1110 872 3040">
    <p class='ocr_par' dir='ltr' id='par_1_6' title="bbox 38 1110 865 1435">
     <span class='ocr_line' id='line_1_10' title="bbox 58 1110 865 1187; baseline -0.006 -18"><span class='ocrx_word' id='word_1_56' title='bbox 58 1113 175 1187; x_wconf 88' lang='lat' dir='ltr'>affirmat</span> <span class='ocrx_word' id='word_1_57' title='bbox 188 1111 280 1165; x_wconf 87' lang='lat' dir='ltr'>Heins.</span> <span class='ocrx_word' id='word_1_58' title='bbox 295 1128 328 1164; x_wconf 86' lang='lat' dir='ltr'>ex</span> <span class='ocrx_word' id='word_1_59' title='bbox 341 1110 389 1164; x_wconf 94' lang='lat' dir='ltr'>illo</span> <span class='ocrx_word' id='word_1_60' title='bbox 400 1112 563 1175; x_wconf 86' lang='lat' dir='ltr'>Mantuano,</span> <span class='ocrx_word' id='word_1_61' title='bbox 587 1113 687 1165; x_wconf 83' lang='lat' dir='ltr'>‘Sonat</span> <span class='ocrx_word' id='word_1_62' title='bbox 702 1112 754 1165; x_wconf 90' lang='lat' dir='ltr'>icta</span> <span class='ocrx_word' id='word_1_63' title='bbox 769 1112 865 1182; x_wconf 87' lang='lat' dir='ltr'>bipen-</span> 
     </span>
     <span class='ocr_line' id='line_1_11' title="bbox 39 1198 865 1270; baseline -0.002 -14"><span class='ocrx_word' id='word_1_64' title='bbox 39 1202 140 1256; x_wconf 82' lang='lat' dir='ltr'>nibus</span> <span class='ocrx_word' id='word_1_65' title='bbox 159 1200 237 1264; x_wconf 87' lang='lat' dir='ltr'>ilex,&#39;</span> <span class='ocrx_word' id='word_1_66' title='bbox 265 1209 291 1254; x_wconf 88' lang='lat' dir='ltr'>et</span> <span class='ocrx_word' id='word_1_67' title='bbox 314 1199 407 1252; x_wconf 85' lang='lat' dir='ltr'>‘ferro</span> <span class='ocrx_word' id='word_1_68' title='bbox 427 1208 503 1251; x_wconf 89' lang='lat' dir='ltr'>sonat</span> <span class='ocrx_word' id='word_1_69' title='bbox 520 1198 573 1252; x_wconf 91' lang='lat' dir='ltr'>icta</span> <span class='ocrx_word' id='word_1_70' title='bbox 590 1199 700 1270; x_wconf 89' lang='lat' dir='ltr'>bipenni</span> <span class='ocrx_word' id='word_1_71' title='bbox 721 1198 865 1254; x_wconf 83' lang='lat' dir='ltr'>fraxinus.&#39;</span> 
     </span>
     <span class='ocr_line' id='line_1_12' title="bbox 58 1287 865 1359; baseline -0.004 -14"><span class='ocrx_word' id='word_1_72' title='bbox 58 1305 128 1357; x_wconf 74' lang='lat' dir='ltr'>actus</span> <span class='ocrx_word' id='word_1_73' title='bbox 139 1301 167 1346; x_wconf 90' lang='lat' dir='ltr'>et</span> <span class='ocrx_word' id='word_1_74' title='bbox 179 1293 240 1346; x_wconf 82' lang='lat' dir='ltr'>ictus</span> <span class='ocrx_word' id='word_1_75' title='bbox 251 1291 278 1344; x_wconf 94' lang='lat' dir='ltr'>in</span> <span class='ocrx_word' id='word_1_76' title='bbox 299 1287 497 1359; x_wconf 29' lang='lat' dir='ltr'>libris-scriptis</span> <span class='ocrx_word' id='word_1_77' title='bbox 514 1288 727 1359; x_wconf 79' lang='lat' dir='ltr'>frequentissime</span> <span class='ocrx_word' id='word_1_78' title='bbox 744 1306 865 1345; x_wconf 85' lang='lat' dir='ltr'>commu-</span> 
     </span>
     <span class='ocr_line' id='line_1_13' title="bbox 38 1391 162 1435; baseline 0 -1"><span class='ocrx_word' id='word_1_79' title='bbox 38 1391 162 1435; x_wconf 79' lang='lat' dir='ltr'>tantur.</span> 
     </span>
    </p>

    <p class='ocr_par' dir='ltr' id='par_1_7' title="bbox 56 1466 866 1792">
     <span class='ocr_line' id='line_1_14' title="bbox 57 1466 864 1539; baseline 0.001 -19"><span class='ocrx_word' id='word_1_80' title='bbox 57 1527 59 1532; x_wconf 22' lang='grc'>1</span> <span class='ocrx_word' id='word_1_81' title='bbox 93 1486 155 1535; x_wconf 81' lang='lat'><strong>⁵32·</strong></span> <span class='ocrx_word' id='word_1_82' title='bbox 176 1469 255 1539; x_wconf 84' lang='lat' dir='ltr'>alma]</span> <span class='ocrx_word' id='word_1_83' title='bbox 268 1466 301 1519; x_wconf 81' lang='lat' dir='ltr'>C,</span> <span class='ocrx_word' id='word_1_84' title='bbox 313 1466 586 1535; x_wconf 86' lang='lat' dir='ltr'>oxon-Sequimur</span> <span class='ocrx_word' id='word_1_85' title='bbox 597 1483 660 1523; x_wconf 91' lang='lat' dir='ltr'>cum</span> <span class='ocrx_word' id='word_1_86' title='bbox 673 1468 864 1526; x_wconf 88' lang='lat' dir='ltr'>Lef.—Heins.</span> 
     </span>
     <span class='ocr_line' id='line_1_15' title="bbox 56 1553 866 1624; baseline 0.002 -16"><span class='ocrx_word' id='word_1_87' title='bbox 56 1558 112 1609; x_wconf 82' lang='lat' dir='ltr'>olto</span> <span class='ocrx_word' id='word_1_88' title='bbox 133 1555 188 1607; x_wconf 87' lang='lat' dir='ltr'>sine</span> <span class='ocrx_word' id='word_1_89' title='bbox 207 1553 268 1606; x_wconf 90' lang='lat' dir='ltr'>fide.</span> <span class='ocrx_word' id='word_1_90' title='bbox 303 1556 336 1605; x_wconf 92' lang='lat' dir='ltr'>In</span> <span class='ocrx_word' id='word_1_91' title='bbox 355 1553 408 1606; x_wconf 90' lang='lat' dir='ltr'>Ed.</span> <span class='ocrx_word' id='word_1_92' title='bbox 430 1553 520 1607; x_wconf 87' lang='lat' dir='ltr'>Andr.</span> <span class='ocrx_word' id='word_1_93' title='bbox 544 1564 570 1606; x_wconf 88' lang='lat' dir='ltr'>et</span> <span class='ocrx_word' id='word_1_94' title='bbox 589 1554 683 1624; x_wconf 89' lang='lat' dir='ltr'>Pomp.</span> <span class='ocrx_word' id='word_1_95' title='bbox 700 1555 765 1611; x_wconf 81' lang='lat' dir='ltr'>alba.</span> <span class='ocrx_word' id='word_1_96' title='bbox 787 1566 866 1622; x_wconf 86' lang='lat' dir='ltr'>atque</span> 
     </span>
     <span class='ocr_line' id='line_1_16' title="bbox 57 1638 864 1708; baseline -0.002 -14"><span class='ocrx_word' id='word_1_97' title='bbox 57 1650 146 1704; x_wconf 89' lang='lat' dir='ltr'>antea,</span> <span class='ocrx_word' id='word_1_98' title='bbox 160 1640 217 1691; x_wconf 82' lang='lat' dir='ltr'>altae</span> <span class='ocrx_word' id='word_1_99' title='bbox 228 1656 278 1708; x_wconf 90' lang='lat' dir='ltr'>pro</span> <span class='ocrx_word' id='word_1_100' title='bbox 290 1638 359 1691; x_wconf 82' lang='lat' dir='ltr'>alba.</span> <span class='ocrx_word' id='word_1_101' title='bbox 393 1639 492 1693; x_wconf 87' lang='lat' dir='ltr'>Veram</span> <span class='ocrx_word' id='word_1_102' title='bbox 503 1639 648 1693; x_wconf 87' lang='lat' dir='ltr'>lectionem</span> <span class='ocrx_word' id='word_1_103' title='bbox 655 1640 713 1706; x_wconf 87' lang='lat' dir='ltr'>jam</span> <span class='ocrx_word' id='word_1_104' title='bbox 723 1639 789 1693; x_wconf 88' lang='lat' dir='ltr'>olim</span> <span class='ocrx_word' id='word_1_105' title='bbox 801 1640 864 1693; x_wconf 80' lang='lat' dir='ltr'>sub-</span> 
     </span>
     <span class='ocr_line' id='line_1_17' title="bbox 57 1727 339 1792; baseline -0.004 -11"><span class='ocrx_word' id='word_1_106' title='bbox 57 1728 188 1792; x_wconf 78' lang='lat' dir='ltr'>odoratus</span> <span class='ocrx_word' id='word_1_107' title='bbox 199 1737 239 1779; x_wconf 87' lang='lat' dir='ltr'>est</span> <span class='ocrx_word' id='word_1_108' title='bbox 252 1727 339 1780; x_wconf 86' lang='lat' dir='ltr'>Drak.</span> 
     </span>
    </p>

    <p class='ocr_par' dir='ltr' id='par_1_8' title="bbox 57 1814 865 2059">
     <span class='ocr_line' id='line_1_18' title="bbox 92 1814 865 1891; baseline -0.001 -18"><span class='ocrx_word' id='word_1_109' title='bbox 92 1839 154 1888; x_wconf 76' lang='lat'><strong>533.</strong></span> <span class='ocrx_word' id='word_1_110' title='bbox 175 1820 284 1891; x_wconf 72' lang='lat' dir='ltr'>condeta]</span> <span class='ocrx_word' id='word_1_111' title='bbox 303 1819 345 1871; x_wconf 91' lang='lat' dir='ltr'>Sic</span> <span class='ocrx_word' id='word_1_112' title='bbox 363 1835 464 1883; x_wconf 80' lang='lat' dir='ltr'>omnes.</span> <span class='ocrx_word' id='word_1_113' title='bbox 486 1837 541 1889; x_wconf 86' lang='lat' dir='ltr'>quo</span> <span class='ocrx_word' id='word_1_114' title='bbox 561 1838 649 1886; x_wconf 86' lang='lat' dir='ltr'>sensu,</span> <span class='ocrx_word' id='word_1_115' title='bbox 669 1814 757 1887; x_wconf 78' lang='grc' dir='ltr'>ικιυθε,</span> <span class='ocrx_word' id='word_1_116' title='bbox 783 1821 865 1874; x_wconf 60' lang='lat' dir='ltr'>condi,</span> 
     </span>
     <span class='ocr_line' id='line_1_19' title="bbox 57 1906 864 1979; baseline 0 -16"><span class='ocrx_word' id='word_1_117' title='bbox 57 1911 105 1974; x_wconf 86' lang='lat' dir='ltr'>dit,</span> <span class='ocrx_word' id='word_1_118' title='bbox 122 1926 173 1979; x_wconf 91' lang='lat' dir='ltr'>pro</span> <span class='ocrx_word' id='word_1_119' title='bbox 185 1909 256 1971; x_wconf 83' lang='lat' dir='ltr'>sevit,</span> <span class='ocrx_word' id='word_1_120' title='bbox 268 1907 296 1958; x_wconf 91' lang='lat' dir='ltr'>in</span> <span class='ocrx_word' id='word_1_121' title='bbox 307 1908 415 1976; x_wconf 90' lang='lat' dir='ltr'>Hymno</span> <span class='ocrx_word' id='word_1_122' title='bbox 425 1906 760 1962; x_wconf 88' lang='lat' dir='ltr'>Pseudhomerico.—Haec</span> <span class='ocrx_word' id='word_1_123' title='bbox 770 1907 864 1963; x_wconf 83' lang='lat' dir='ltr'>Lefeb.</span> 
     </span>
     <span class='ocr_line' id='line_1_20' title="bbox 57 1994 752 2059; baseline -0.003 -8"><span class='ocrx_word' id='word_1_124' title='bbox 57 1997 186 2051; x_wconf 77' lang='lat' dir='ltr'>-Heins¹</span> <span class='ocrx_word' id='word_1_125' title='bbox 202 2005 229 2049; x_wconf 92' lang='lat' dir='ltr'>et</span> <span class='ocrx_word' id='word_1_126' title='bbox 242 1996 329 2059; x_wconf 79' lang='lat' dir='ltr'>Drak.</span> <span class='ocrx_word' id='word_1_127' title='bbox 344 1996 434 2048; x_wconf 83' lang='lat' dir='ltr'>consita</span> <span class='ocrx_word' id='word_1_128' title='bbox 445 1994 590 2053; x_wconf 89' lang='lat' dir='ltr'>admittunt</span> <span class='ocrx_word' id='word_1_129' title='bbox 603 1995 658 2048; x_wconf 91' lang='lat' dir='ltr'>sine</span> <span class='ocrx_word' id='word_1_130' title='bbox 668 1994 752 2049; x_wconf 85' lang='lat' dir='ltr'>libris.</span> 
     </span>
    </p>

    <p class='ocr_par' dir='ltr' id='par_1_9' title="bbox 58 2081 867 2244">
     <span class='ocr_line' id='line_1_21' title="bbox 93 2081 867 2157; baseline 0.001 -20"><span class='ocrx_word' id='word_1_131' title='bbox 93 2105 154 2154; x_wconf 76' lang='lat'><strong>547.</strong></span> <span class='ocrx_word' id='word_1_132' title='bbox 169 2085 228 2157; x_wconf 84' lang='lat' dir='ltr'>hac]</span> <span class='ocrx_word' id='word_1_133' title='bbox 248 2084 289 2137; x_wconf 90' lang='lat' dir='ltr'>Sic</span> <span class='ocrx_word' id='word_1_134' title='bbox 300 2083 392 2138; x_wconf 88' lang='lat' dir='ltr'>Heins.</span> <span class='ocrx_word' id='word_1_135' title='bbox 408 2081 522 2135; x_wconf 81' lang='lat' dir='ltr'>feliciter</span> <span class='ocrx_word' id='word_1_136' title='bbox 538 2099 572 2136; x_wconf 90' lang='lat' dir='ltr'>ex</span> <span class='ocrx_word' id='word_1_137' title='bbox 584 2083 775 2155; x_wconf 87' lang='lat' dir='ltr'>conj.-Vulg.</span> <span class='ocrx_word' id='word_1_138' title='bbox 790 2104 867 2141; x_wconf 86' lang='lat' dir='ltr'>ac.-</span> 
     </span>
     <span class='ocr_line' id='line_1_22' title="bbox 58 2171 500 2244; baseline -0.005 -15"><span class='ocrx_word' id='word_1_139' title='bbox 58 2173 157 2243; x_wconf 79' lang='lat' dir='ltr'>Scripti</span> <span class='ocrx_word' id='word_1_140' title='bbox 168 2184 195 2226; x_wconf 93' lang='lat' dir='ltr'>et</span> <span class='ocrx_word' id='word_1_141' title='bbox 204 2173 300 2244; x_wconf 88' lang='lat' dir='ltr'>priscae</span> <span class='ocrx_word' id='word_1_142' title='bbox 311 2171 440 2225; x_wconf 86' lang='lat' dir='ltr'>editiones</span> <span class='ocrx_word' id='word_1_143' title='bbox 452 2180 500 2226; x_wconf 88' lang='lat' dir='ltr'>ast.</span> 
     </span>
    </p>

    <p class='ocr_par' dir='ltr' id='par_1_10' title="bbox 58 2258 864 2420">
     <span class='ocr_line' id='line_1_23' title="bbox 91 2258 864 2332; baseline 0.001 -18"><span class='ocrx_word' id='word_1_144' title='bbox 91 2265 125 2327; x_wconf 79' lang='lat'>56</span> <span class='ocrx_word' id='word_1_145' title='bbox 128 2279 154 2327; x_wconf 76' lang='grc' dir='ltr'>ς.</span> <span class='ocrx_word' id='word_1_146' title='bbox 159 2260 314 2332; x_wconf 76' lang='lat' dir='ltr'>fractaque]</span> <span class='ocrx_word' id='word_1_147' title='bbox 327 2261 369 2314; x_wconf 90' lang='lat' dir='ltr'>Sic</span> <span class='ocrx_word' id='word_1_148' title='bbox 377 2258 629 2331; x_wconf 65' lang='lat' dir='ltr'>idcina—captaque</span> <span class='ocrx_word' id='word_1_149' title='bbox 646 2258 675 2313; x_wconf 93' lang='lat' dir='ltr'>in</span> <span class='ocrx_word' id='word_1_150' title='bbox 691 2258 767 2327; x_wconf 74' lang='lat' dir='ltr'>libris</span> <span class='ocrx_word' id='word_1_151' title='bbox 776 2280 784 2327; x_wconf 88' lang='lat'>;</span> <span class='ocrx_word' id='word_1_152' title='bbox 805 2280 864 2329; x_wconf 85' lang='lat' dir='ltr'>quae</span> 
     </span>
     <span class='ocr_line' id='line_1_24' title="bbox 58 2348 381 2420; baseline -0.009 -16"><span class='ocrx_word' id='word_1_153' title='bbox 58 2349 191 2420; x_wconf 79' lang='lat' dir='ltr'>scriptura</span> <span class='ocrx_word' id='word_1_154' title='bbox 202 2359 289 2419; x_wconf 87' lang='lat' dir='ltr'>potest</span> <span class='ocrx_word' id='word_1_155' title='bbox 307 2348 381 2401; x_wconf 87' lang='lat' dir='ltr'>ferri.</span> 
     </span>
    </p>

    <p class='ocr_par' dir='ltr' id='par_1_11' title="bbox 56 2434 872 3040">
     <span class='ocr_line' id='line_1_25' title="bbox 91 2434 870 2509; baseline 0.004 -18"><span class='ocrx_word' id='word_1_156' title='bbox 91 2443 155 2508; x_wconf 61' lang='lat'>⁶392</span> <span class='ocrx_word' id='word_1_157' title='bbox 174 2439 240 2490; x_wconf 87' lang='lat' dir='ltr'>nullo</span> <span class='ocrx_word' id='word_1_158' title='bbox 266 2438 360 2509; x_wconf 82' lang='lat' dir='ltr'>lictore]</span> <span class='ocrx_word' id='word_1_159' title='bbox 380 2434 467 2502; x_wconf 82' lang='lat' dir='ltr'>Locus</span> <span class='ocrx_word' id='word_1_160' title='bbox 478 2496 479 2500; x_wconf 42' lang='lat'>,</span> <span class='ocrx_word' id='word_1_161' title='bbox 490 2439 656 2509; x_wconf 85' lang='lat' dir='ltr'>desperatus.</span> <span class='ocrx_word' id='word_1_162' title='bbox 701 2440 735 2492; x_wconf 82' lang='lat' dir='ltr'>In</span> <span class='ocrx_word' id='word_1_163' title='bbox 753 2440 870 2508; x_wconf 67' lang='lat' dir='ltr'>antiquis,</span> 
     </span>
     <span class='ocr_line' id='line_1_26' title="bbox 56 2525 865 2597; baseline 0 -18"><span class='ocrx_word' id='word_1_164' title='bbox 56 2527 141 2579; x_wconf 82' lang='lat' dir='ltr'>multo.</span> <span class='ocrx_word' id='word_1_165' title='bbox 162 2525 208 2578; x_wconf 81' lang='lat' dir='ltr'>sed</span> <span class='ocrx_word' id='word_1_166' title='bbox 221 2527 311 2588; x_wconf 84' lang='lat' dir='ltr'>nullus,</span> <span class='ocrx_word' id='word_1_167' title='bbox 333 2526 430 2588; x_wconf 81' lang='lat' dir='ltr'>multus,</span> <span class='ocrx_word' id='word_1_168' title='bbox 453 2544 506 2579; x_wconf 91' lang='lat' dir='ltr'>non</span> <span class='ocrx_word' id='word_1_169' title='bbox 519 2542 581 2579; x_wconf 83' lang='lat' dir='ltr'>raro</span> <span class='ocrx_word' id='word_1_170' title='bbox 593 2535 733 2581; x_wconf 85' lang='lat' dir='ltr'>mutantur.</span> <span class='ocrx_word' id='word_1_171' title='bbox 742 2525 770 2579; x_wconf 93' lang='lat' dir='ltr'>in</span> <span class='ocrx_word' id='word_1_172' title='bbox 782 2526 865 2597; x_wconf 90' lang='lat' dir='ltr'>scrip·</span> 
     </span>
     <span class='ocr_line' id='line_1_27' title="bbox 58 2612 864 2684; baseline 0.002 -18"><span class='ocrx_word' id='word_1_173' title='bbox 58 2614 103 2667; x_wconf 87' lang='lat' dir='ltr'>tis.</span> <span class='ocrx_word' id='word_1_174' title='bbox 124 2630 153 2665; x_wconf 90' lang='lat' dir='ltr'>v.</span> <span class='ocrx_word' id='word_1_175' title='bbox 168 2633 228 2683; x_wconf 80' lang='lat'><strong>³92·</strong></span> <span class='ocrx_word' id='word_1_176' title='bbox 251 2614 330 2669; x_wconf 59' lang='lat' dir='ltr'>{Non</span> <span class='ocrx_word' id='word_1_177' title='bbox 340 2612 466 2667; x_wconf 87' lang='lat' dir='ltr'>Consulis</span> <span class='ocrx_word' id='word_1_178' title='bbox 477 2614 564 2670; x_wconf 88' lang='lat' dir='ltr'>altum</span> <span class='ocrx_word' id='word_1_179' title='bbox 575 2613 746 2684; x_wconf 67' lang='lat' dir='ltr'>Imperium!</span> <span class='ocrx_word' id='word_1_180' title='bbox 759 2631 787 2667; x_wconf 87' lang='lat' dir='ltr'>v.</span> <span class='ocrx_word' id='word_1_181' title='bbox 803 2618 864 2681; x_wconf 84' lang='lat'><strong>⁶23·</strong></span> 
     </span>
     <span class='ocr_line' id='line_1_28' title="bbox 59 2699 863 2773; baseline 0 -19"><span class='ocrx_word' id='word_1_182' title='bbox 59 2709 70 2749; x_wconf 89' lang='lat' dir='ltr'>t</span> <span class='ocrx_word' id='word_1_183' title='bbox 82 2703 145 2761; x_wconf 86' lang='lat' dir='ltr'>Sine</span> <span class='ocrx_word' id='word_1_184' title='bbox 156 2699 259 2754; x_wconf 86' lang='lat' dir='ltr'>armis.&#39;</span> <span class='ocrx_word' id='word_1_185' title='bbox 279 2701 312 2753; x_wconf 92' lang='lat' dir='ltr'>L.</span> <span class='ocrx_word' id='word_1_186' title='bbox 324 2702 407 2754; x_wconf 87' lang='lat' dir='ltr'><strong>VIII.</strong></span> <span class='ocrx_word' id='word_1_187' title='bbox 437 2705 555 2756; x_wconf 66' lang='lat' dir='ltr'>‘Gestat</span> <span class='ocrx_word' id='word_1_188' title='bbox 565 2704 726 2773; x_wconf 87' lang='lat' dir='ltr'>Agenoreus</span> <span class='ocrx_word' id='word_1_189' title='bbox 737 2701 816 2755; x_wconf 90' lang='lat' dir='ltr'>lictor</span> <span class='ocrx_word' id='word_1_190' title='bbox 824 2719 863 2759; x_wconf 86' lang='lat' dir='ltr'>se-</span> 
     </span>
     <span class='ocr_line' id='line_1_29' title="bbox 57 2788 864 2859; baseline -0.002 -12"><span class='ocrx_word' id='word_1_191' title='bbox 57 2807 137 2847; x_wconf 86' lang='lat' dir='ltr'>cures</span> <span class='ocrx_word' id='word_1_192' title='bbox 148 2788 300 2843; x_wconf 58' lang='lat' dir='ltr'>Consulis?</span> <span class='ocrx_word' id='word_1_193' title='bbox 320 2806 385 2859; x_wconf 88' lang='lat' dir='ltr'>ergo</span> <span class='ocrx_word' id='word_1_194' title='bbox 395 2800 467 2844; x_wconf 89' lang='lat' dir='ltr'>certe</span> <span class='ocrx_word' id='word_1_195' title='bbox 479 2790 535 2844; x_wconf 88' lang='lat' dir='ltr'>sine</span> <span class='ocrx_word' id='word_1_196' title='bbox 548 2789 606 2843; x_wconf 94' lang='lat' dir='ltr'>ullo</span> <span class='ocrx_word' id='word_1_197' title='bbox 618 2790 712 2843; x_wconf 89' lang='lat' dir='ltr'>lictore</span> <span class='ocrx_word' id='word_1_198' title='bbox 724 2789 804 2843; x_wconf 82' lang='lat' dir='ltr'>intrat</span> <span class='ocrx_word' id='word_1_199' title='bbox 817 2808 864 2846; x_wconf 80' lang='lat' dir='ltr'>ur.</span> 
     </span>
     <span class='ocr_line' id='line_1_30' title="bbox 57 2869 872 2952; baseline 0.006 -20"><span class='ocrx_word' id='word_1_200' title='bbox 57 2881 122 2934; x_wconf 86' lang='lat' dir='ltr'>bem</span> <span class='ocrx_word' id='word_1_201' title='bbox 146 2880 349 2933; x_wconf 81' lang='lat' dir='ltr'>Varro-Haec</span> <span class='ocrx_word' id='word_1_202' title='bbox 368 2869 387 2928; x_wconf 78' lang='lat' dir='ltr'>‘o</span> <span class='ocrx_word' id='word_1_203' title='bbox 407 2874 507 2952; x_wconf 64' lang='grc' dir='ltr'>ακριβης</span> <span class='ocrx_word' id='word_1_204' title='bbox 532 2880 872 2948; x_wconf 75' lang='lat' dir='ltr'>Lefeburius.-Heinsius</span> 
     </span>
     <span class='ocr_line' id='line_1_31' title="bbox 60 2966 697 3040; baseline 0.008 -20"><span class='ocrx_word' id='word_1_205' title='bbox 60 2967 259 3032; x_wconf 71' lang='lat' dir='ltr'>noto-Drak.</span> <span class='ocrx_word' id='word_1_206' title='bbox 274 2966 300 3021; x_wconf 94' lang='lat' dir='ltr'>in</span> <span class='ocrx_word' id='word_1_207' title='bbox 314 2976 382 3030; x_wconf 68' lang='lat' dir='ltr'>text,</span> <span class='ocrx_word' id='word_1_208' title='bbox 395 2979 460 3026; x_wconf 83' lang='lat' dir='ltr'>nuto</span> <span class='ocrx_word' id='word_1_209' title='bbox 474 2969 602 3036; x_wconf 82' lang='lat' dir='ltr'>admittit.</span> <span class='ocrx_word' id='word_1_210' title='bbox 616 2971 697 3040; x_wconf 28' lang='lat' dir='ltr'>maie..</span> 
     </span>
    </p>
   </div>
   <div class='ocr_carea' id='block_1_5' title="bbox 0 0 1010 3450">
    <p class='ocr_par' dir='ltr' id='par_1_12' title="bbox 0 0 1010 3450">
     <span class='ocr_line' id='line_1_32' title="bbox 0 0 1010 3450; baseline 0 0"><span class='ocrx_word' id='word_1_211' title='bbox 0 0 1010 3450; x_wconf 95' lang='lat' dir='ltr'> </span> 
     </span>
    </p>
   </div>
  </div>
 </body>
</html>
