2010 3450
318 284 417 329 ‚truta
434 286 489 329 xv.
525 289 555 327 v.
568 281 683 341 55-84.
859 292 906 340 141

100 398 224 473 Qantas
235 393 293 466 ipse
304 393 382 447 Deus
392 392 468 447 laetos
479 393 617 463 generavit
628 394 656 446 in
668 409 732 449 usus

100 485 156 549 Res
164 481 280 546 homiui,
293 481 426 553 plenaque
438 480 512 534 dedit
522 481 594 534 bona
604 483 702 553 gaudia
714 483 824 538 dextrai
904 528 906 533 ,

100 575 197 644 Atque
208 571 292 635 idem,
304 569 445 641 exemplar
457 568 525 623 ienis
537 570 696 625 mortalibus
709 570 770 638 aevi,

98 658 303 732 Imperturbata
315 657 436 727 placidus
448 667 521 711 tenet
532 658 587 711 otia
598 669 697 713 mente.
708 673 711 678 ·

99 749 152 804 tlh
162 765 215 819 ego
224 763 296 814 sum,
307 746 438 800 Anchisa
446 748 582 802 Venerem
592 747 735 802 Simoentis
745 747 780 802 ad
788 748 873 802 undat

100 843 172 913 Qae
180 835 274 903 junxi,
287 833 392 906 generis
403 833 481 888 vobis
492 833 565 886 unde
575 833 663 887 editus
674 845 780 890 auctor.

98 923 153 977 Ilia
164 939 216 994 ego
228 937 299 986 sum,
312 920 382 975 verti
395 919 531 1007 Superiim
542 937 604 991 quae
615 938 685 992 saepe
694 933 834 994 parentem

99 1015 181 1068 Nunc
191 1010 249 1064 avis
259 1010 288 1065 in
300 1009 426 1073 formam,
438 1026 511 1064 nunc
521 1009 592 1063 torvi
604 1009 632 1064 in
643 1027 746 1066 cornua
756 1011 837 1067 tauri.

98 1101 161 1154 Huc
172 1099 284 1153 adverte
294 1115 382 1152 aures.
404 1097 500 1151 Currit
512 1097 670 1152 mortalibus
683 1117 783 1165 aevum,

98 1191 156 1244 Nec
167 1188 241 1242 nasci
252 1188 294 1241 bis
306 1203 384 1258 posse
396 1187 493 1241 datur:
512 1186 582 1257 fugit
594 1188 670 1254 hora,
684 1190 808 1261 rapitque

98 1275 248 1328 Tartareus
257 1283 379 1339 torrens;
392 1291 424 1329 ac
435 1289 527 1328 secum
540 1274 610 1328 serre
623 1275 674 1328 sub
687 1276 808 1340 umbras,

100 1363 126 1416 Si
139 1380 194 1434 qua
201 1361 292 1416 animo
304 1362 439 1433 placuere,
452 1372 540 1434 negat.
563 1362 632 1434 Qis
644 1363 704 1418 luce
716 1379 842 1434 suprema

99 1450 241 1504 Dimisisse
253 1467 326 1503 meas
338 1468 399 1504 sero
411 1468 464 1504 non
473 1451 584 1523 ingemit
594 1451 674 1505 horas
684 1460 707 1504 r*

99 1539 247 1613 Postquam
254 1537 394 1604 conticuit,
407 1538 520 1606 finisque
531 1547 572 1590 est
583 1538 674 1591 addita
682 1538 770 1603 dictis,

97 1628 176 1680 Tum
188 1627 295 1680 Virtus:
313 1629 452 1701 Qasnam
460 1627 590 1692 juvenem
600 1626 768 1692 florentibus,
780 1625 876 1699 inquit,

97 1712 204 1767 Pellicis
215 1713 243 1766 in
256 1712 365 1767 fraudes
376 1714 462 1779 annis,
476 1716 593 1785 vitaeque
605 1715 738 1781 tenebras,

99 1801 154 1856 Cui
166 1802 236 1856 ratio
247 1812 275 1855 et
286 1819 392 1874 magnae
404 1803 523 1857 coeiestia
535 1803 634 1856 semina
645 1803 742 1857 mentis
803 1833 807 1839 ·

98 1892 218 1946 Munere
230 1900 295 1944 sunt
306 1907 429 1946 concessa
441 1890 549 1945 Deiirni
569 1891 736 1946 Mortaiibus
746 1892 794 1947 alti

98 1984 241 2050 Quantum
253 1978 402 2044 Caelicolae,
415 1980 573 2033 tantundem
585 1979 744 2034 animalibus
755 1979 799 2033 isti

97 2067 262 2125 Praeceliunt
272 2067 385 2121 cunctis.
406 2067 500 2122 tribuit
513 2083 628 2138 namque
640 2066 697 2139 ipsa
710 2068 826 2123 minores

98 2158 157 2211 Hos
164 2155 250 2215 terris
260 2157 364 2210 Natura
376 2157 453 2210 Deo:
474 2157 520 2209 sed
528 2155 630 2210 foedere
642 2166 716 2211 certo

100 2245 256 2317 Degeneres
267 2242 386 2297 tenebris
398 2244 499 2298 animas
510 2244 648 2298 damnavit
661 2243 791 2298 Auernis.

99 2333 150 2398 At,
164 2331 229 2403 quis
241 2331 352 2385 aetherei
364 2342 487 2386 servatur
500 2332 607 2386 seminis
618 2343 705 2398 ortus,
744 2364 747 2371 »
808 2360 816 2377 ·

100 2420 171 2477 Coeii
183 2427 264 2494 porta
275 2430 360 2492 patet.
380 2420 508 2475 Referam
521 2421 586 2492 quid
598 2431 693 2476 cuncta
703 2421 857 2476 domantem

99 2510 384 2583 Amphitryoniaden?
400 2512 474 2580 quid,
487 2512 540 2578 cni,
550 2523 611 2583 post
623 2515 700 2568 Seras
711 2524 738 2566 et
752 2513 835 2569 Indos

101 2601 217 2672 Captivo
230 2602 314 2655 Liber
324 2618 387 2656 cum
399 2602 472 2673 signa
484 2602 596 2656 referret
607 2603 642 2656 ab
654 2604 740 2668 Euro,

101 2690 244 2746 Caucaseae
254 2707 368 2746 currum
379 2691 482 2746 duxere
495 2709 544 2763 per
553 2693 653 2763 oppida
661 2693 761 2764 tigres?

99 2779 174 2852 Qid
183 2779 331 2850 suspiratos
340 2797 436 2850 magno
448 2780 476 2832 in
488 2780 639 2834 discrimine
652 2782 741 2834 nautis

100 2865 210 2922 ledaeos
222 2865 340 2921 referam
352 2866 458 2933 fratres,
473 2879 648 2936 vestrumque
661 2869 807 2944 Qirinum
815 2878 827 2925 i

102 2953 197 3013 Nonne
211 2955 299 3026 vides,
312 2957 455 3013 hominurn
467 2967 498 3014 ut
507 2957 592 3014 celsos
600 2958 635 3014 ad
646 2958 733 3020 sidera
743 2957 839 3016 vuitus
