2010 3450
98 287 134 351 36
313 299 404 341 niara
423 300 467 340 xi.
505 301 536 341 v.
549 300 695 354 ros-234.

103 404 239 458 Immitem
250 405 341 460 castris
352 405 467 460 Decium
475 405 564 472 jubet.
582 405 701 460 Horrida
710 405 810 472 virtus,
821 407 823 412 '
897 408 905 424 '

103 497 303 566 Armatumque
314 494 366 548 fide
378 503 480 564 pectus,
494 495 613 566 rectique
626 495 736 565 cupido,

103 575 237 650 Et'major
248 584 342 653 Capua
355 600 429 637 mens
440 583 619 654 imperterrita
630 582 702 636 mole

103 673 207 726 Invicta
219 674 315 737 stabat,
328 682 460 740 torvoque
471 671 583 725 minacia
595 672 675 725 vultu

48 761 50 764 ⁴
102 761 180 827 Jussa
191 759 275 825 ducis,
289 759 431 828 verbisque
443 760 522 813 etiarn
534 759 680 813 incessebat
691 761 797 815 amaris.

104 851 195 922 Qem
207 847 299 918 Libyae
312 857 400 901 rector
411 857 451 901 tot
463 846 538 918 signa
551 858 591 901 tot
603 864 678 901 arma
689 847 805 902 ferentes
901 892 904 897 .

105 935 278 1005 spernentem
289 934 449 1004 increpitans
462 951 559 1005 magno
571 933 686 989 clamore
699 934 836 1006 profatur:

105 1024 168 1077 Post
180 1025 313 1090 Paullum,
326 1035 387 1096 post
400 1024 561 1079 Flaminium
573 1027 771 1098 componimur,
783 1029 865 1084 cheul

102 1116 218 1170 Vecordi
232 1117 325 1181 Decio,
340 1132 445 1168 mecum
457 1113 573 1169 certasse
584 1113 687 1170 volenti

104 1207 138 1256 In
150 1205 230 1259 decus
241 1215 268 1258 et
280 1205 378 1259 famam
390 1204 447 1258 leti.
466 1204 574 1273 Rapite,
587 1204 624 1256 ite
634 1203 719 1269 citati,

103 1295 295 1364 Signa,·duces.
315 1295 441 1348 Pateatne
451 1293 517 1347 mihi
531 1294 668 1364 Campana
679 1301 791 1345 vetante

102 1384 176 1436 Urbs
188 1383 280 1447 Decio,
291 1383 433 1454 explorare
445 1382 519 1446 libet,
533 1398 603 1435 nova
613 1381 685 1434 bella
698 1381 816 1436 moventi

103 1470 156 1524 Cui
169 1482 280 1541 patuere
291 1471 386 1541 Alpes,
400 1487 463 1524 saxa
473 1470 637 1542 impellentia
645 1467 758 1535 coelum,

103 1561 194 1628 Atque
207 1560 253 1614 uni
266 1561 363 1614 calcata
376 1561 446 1615 Deo.
466 1560 619 1613 Suffuderat
630 1575 679 1612 ora

102 1645 224 1716 Sanguis,
237 1657 264 1700 et
275 1664 291 1699 a
304 1656 383 1701 torvo
396 1647 540 1719 surgebant
551 1644 653 1700 lumine
666 1645 794 1699 flammae.

101 1735 178 1788 Tum
189 1734 272 1789 rictus
283 1753 418 1807 spumans,
431 1746 458 1788 et
470 1734 572 1788 anhelis
585 1733 707 1788 faucibus
719 1744 780 1788 acta

100 1814 249 1875 Versabant
261 1824 366 1893 penitus
377 1824 468 1877 dirum
480 1822 594 1893 suspiria
605 1839 741 1876 murmur.

102 1908 144 1962 Sic
157 1909 252 1962 urbem
263 1909 395 1976 invectus,
408 1921 466 1964 toto
475 1899 619 1965 comitante
631 1912 741 1974 Senatu,

101 1996 138 2049 Et
149 1996 232 2069 vulgo
244 1999 277 2051 ad
291 1999 433 2070 spectanda
443 1999 519 2052 ducis
528 1994 608 2053 simul
620 2017 668 2052 ora
679 2009 785 2065 ruente,

99 2083 224 2143 Effundit
235 2098 359 2141 cunctam
372 2087 472 2143 rabiem
482 2088 637 2157 irarumque
649 2087 792 2160 procellas.

101 2174 211 2228 Necnon
224 2188 251 2230 et
264 2178 348 2231 Decio
361 2177 486 2249 propiora
497 2176 616 2249 pericula
627 2186 746 2230 mentem
810 2204 812 2208 Α

101 2261 294 2332 Flammirant,
306 2277 466 2339 tempusque
477 2268 543 2322 adeo
555 2268 681 2328 cernebat
693 2267 796 2334 adesse,

102 2354 167 2426 Qo
178 2351 270 2407 laudes
281 2353 358 2409 ducis
369 2354 462 2409 invicti
474 2364 611 2424 superaret
621 2353 741 2407 inermis.

100 2441 163 2493 Non
174 2440 256 2496 illum
265 2441 339 2514 fuga,
354 2460 407 2496 non
419 2442 501 2497 clausi
514 2441 657 2497 occuluere
669 2450 794 2513 penates:

100 2529 152 2582 Sed
162 2529 239 2596 liber,
253 2532 337 2584 voluti
350 2532 441 2587 nullus
455 2531 619 2604 penetraisset
630 2533 658 2585 in
671 2532 768 2586 urbem

99 2615 244 2682 Hannibal,
256 2617 389 2688 intrepido
401 2630 553 2674 servaverat
564 2619 618 2672 otia
628 2618 719 2673 vultu.

99 2696 172 2756 Cum
180 2704 308 2770 juvenem
321 2707 397 2762 saevis
411 2706 604 2777 (horrendum)
618 2707 739 2762 concitus
749 2708 832 2763 aruris

98 2790 236 2847 Invadunt
247 2794 354 2866 globus,
369 2806 396 2850 et
407 2796 520 2866 pedibus
532 2794 646 2849 sublime
658 2796 773 2851 sedentis

99 2879 228 2936 Ductoris
240 2885 344 2939 sistunt.
365 2887 457 2939 Tonat
468 2886 530 2939 inde
542 2884 677 2940 ferocibus
689 2886 744 2942 alte

97 2970 235 3027 lncessens
244 2971 331 3043 victor
342 2974 430 3047 dictis,
443 2974 555 3036 Sotusne
566 2985 691 3041 ruentem
716 3018 718 3022 i
766 3019 769 3024 .
787 3021 788 3024 η
815 3017 817 3023 .
850 2991 858 3023 -·
874 3012 893 3026 .»
