2010 3450
310 265 409 311 -ιηιι
425 260 501 305 xit-‘7
521 266 552 304 ν.
562 259 711 319 355-384.
873 259 915 320 :⁶5

101 372 359 440 lumh‘ductisono
367 369 569 424 circumvallata
582 369 729 440 profundo,

99 461 354 535 castigaturam,
366 474 570 528 compressaque
581 459 688 530 gurgite
699 469 784 513 terras

98 553 228 606 Emmses
239 548 349 604 cohibet
361 547 442 600 nudae
453 546 504 599 sub
516 546 630 617 imagine
642 546 753 616 plantae.

97 639 162 692 Inde
174 637 294 691 Ichnusa
304 634 381 706 prius
393 633 484 699 Grajis
495 644 643 686 memorata
654 633 768 696 colonis,

98 726 177 790 Mox,
192 724 300 794 Libyci,
312 722 421 785 Sardus,
433 737 562 792 generoso
575 720 702 792 sanguine
714 721 797 776 fideus

99 813 233 877 Herculis,
247 829 281 865 ex
296 828 353 865 sese
364 809 479 863 mutavit
491 808 599 863 nomina
609 819 699 862 terrae.

98 904 238 957 Affluxere
251 901 343 965 etiam,
354 910 382 954 et
396 900 469 953 sedes
483 917 598 970 posuere
610 912 714 955 coactas

99 992 218 1064 Dispersi
225 991 338 1064 pelago,
351 1001 410 1060 post
422 1001 498 1043 eruta
510 990 649 1061 Pergama,
663 993 775 1046 Teucri.

99 1081 153 1135 Nec
165 1097 285 1150 parvum
295 1081 386 1143 decus,
401 1079 513 1132 advecto
525 1096 588 1131 cum
599 1079 682 1132 classe
694 1090 804 1152 paterna

102 1169 217 1240 Agmine
229 1166 425 1238 Thespiadum,
440 1167 528 1231 terris,
542 1168 626 1232 Iolae,
639 1168 744 1223 dedisti.

99 1257 178 1310 Fama
188 1265 240 1320 est,
253 1273 318 1309 cum
329 1254 423 1309 laceris
436 1256 549 1309 Actaeon
563 1255 653 1308 flebile
667 1259 793 1311 membris

100 1341 266 1412 Supplicium
277 1339 363 1394 lueret
375 1351 499 1410 spectatae
511 1341 538 1394 in
550 1340 624 1394 fonte
637 1342 741 1407 Dianae,

98 1429 255 1483 Attonitum
267 1428 386 1481 novitate
397 1428 461 1481 mali
473 1428 572 1499 fugisse
584 1413 722 1500 parentem

98 1517 148 1571 Per
160 1517 232 1570 freta
242 1517 401 1583 Aristaeum,
414 1527 441 1569 et
454 1516 569 1571 Sardoos
581 1516 632 1572 isse
644 1534 774 1573 recessus:

101 1603 224 1674 Cyrenen
234 1602 395 1665 monstrasse
407 1605 497 1658 ferunt
508 1622 579 1658 nova
588 1605 666 1658 litora
678 1613 801 1659 matrem.

97 1691 257 1762 Serpentum
269 1691 351 1744 tellus
362 1709 439 1761 pura,
454 1709 484 1745 ac
495 1692 605 1745 viduata
615 1691 743 1756 venenis3

99 1779 149 1832 Sed
161 1778 247 1833 tristis
259 1778 339 1842 coelo,
349 1789 376 1831 et
388 1778 473 1832 multa
485 1779 579 1833 vitiata
589 1780 697 1850 palude,

100 1871 162 1943 Qa
173 1867 249 1921 videt
258 1867 376 1932 ltaliam,
391 1885 485 1921 saxoso
497 1868 600 1922 torrida
611 1869 692 1921 dorso
787 1913 790 1928 ᾗ

101 1955 218 2012 Exercet
229 1955 346 2027 scopulis
358 1956 410 2009 late
423 1955 502 2022 freta,
518 1957 672 2028 pallidaque
684 1957 757 2010 intus

97 2045 173 2097 Arva
183 2044 276 2112 coquit
286 2043 410 2109 nimium,
423 2045 530 2098 Cancro
542 2044 706 2098 fumantibus
719 2043 838 2097 Austris.

98 2130 193 2185 Cetera
204 2147 346 2202 propense
358 2131 469 2186 Cereris,
477 2132 579 2185 nutrita
592 2131 697 2186 favore.

99 2220 156 2274 lloc
168 2219 263 2274 habitu
276 2229 360 2293 terrae¹
368 2228 508 2279 nemorosa
519 2236 569 2290 per
577 2220 650 2272 invia
661 2220 757 2273 crebro

99 2306 397 2377 Torquatum-eludens
410 2308 502 2373 hostis,
520 2308 627 2361 Sidonia
638 2325 736 2378 pugnae

98 2395 168 2450 Tela
178 2396 364 2466 exspectabat,
378 2399 513 2466 sociosque
525 2396 623 2449 laboris
635 2395 738 2449 lberos.

99 2485 156 2559 Qi
167 2496 313 2554 postquam
323 2485 441 2555 appulsis
451 2487 553 2541 animos
565 2502 664 2539 auxere
675 2485 786 2546 carinisr

99 2576 176 2629 Haud
188 2592 276 2639 mora,
288 2575 441 2646 prorumpit
454 2575 578 2639 latebris3
598 2575 763 2644 adversaque
776 2574 828 2626 late
902 2574 906 2584 '

100 2664 217 2734 Agmina
230 2663 428 2729 inhorrescunt,
441 2663 606 2734 longumque
618 2663 690 2716 coire
702 2662 820 2725 videtur,

100 2751 134 2804 Et
145 2751 272 2809 conferre
283 2751 409 2823 gradum
428 2752 523 2806 Media
533 2750 674 2804 intervalla
687 2750 805 2820 patentis

99 2840 259 2912 Corripiunt
269 2840 357 2912 campi
369 2842 519 2912 properatis
530 2841 634 2894 eminus
647 2839 744 2892 hastis:
800 2885 802 2889 .
891 2870 893 2876 f

99 2927 372 2991 Donecadexsertos
383 2946 467 2996 enses,
480 2929 607 2983 fidissima
619 2927 682 2992 tela,
773 2954 776 2959 ·

132 3031 204 3072 vos.
222 3033 258 3071 ιι.
492 3031 507 3067 s
