2010 3450
284 265 374 306 um
393 261 437 303 11.
473 264 502 301 v.
517 253 631 314 55-84.
826 265 859 313 qr

55 376 121 438 Has,
134 381 194 427 astu
204 386 354 443 aggressus,
367 385 423 441 quo
434 375 553 421 verteret
564 367 652 421 aerius
663 382 748 437 agras

57 462 105 513 Ad
117 459 218 530 Tyrios
228 467 341 522 mentes,
355 457 419 527 quia
431 455 507 509 nulla
519 466 590 508 sorte
601 456 728 508 daturam

58 550 157 603 Certus
166 557 225 602 erat
237 548 365 610 Romam,
379 562 464 616 neque
476 545 549 598 enim
561 544 702 614 impetrata
714 543 835 608 volebat,

60 635 191 706 (Pacuvio
204 633 256 688 fuit
265 634 338 687 haud
350 633 498 686 obscurum
508 630 620 686 crimine
634 633 745 700 nomen)

59 726 192 779 Hortatur
204 721 299 777 summi
313 731 417 791 partem
425 721 568 791 deposuere
576 720 657 786 juris,

60 815 151 881 Atque
163 811 308 864 alternatos
321 809 420 862 sociato
433 808 552 861 Consule
565 808 662 862 fasces:

60 902 105 965 Et,
119 901 140 953 si
153 899 250 971 partita
262 909 377 952 renuant
389 897 485 951 sedisse
497 895 596 961 curuli,

61 990 265 1058 AEquatumque
277 988 359 1040 decus
370 985 542 1056 geminasque
554 985 645 1038 videre
658 1002 772 1050 secures,

59 1076 183 1137 Ultorem
194 1084 256 1128 aute
268 1072 361 1128 oculos
372 1082 454 1143 atque
465 1089 513 1125 ora
525 1072 630 1125 adstare
642 1072 766 1144 repulsae.

61 1163 133 1234 Ergo
145 1163 230 1216 electa
242 1179 337 1214 manus
349 1179 444 1232 gressu
455 1160 507 1214 fert
519 1161 591 1215 dicta
603 1161 693 1215 citato.

61 1250 180 1302 Antistat
191 1248 296 1303 cunctis
308 1248 465 1319 praecellens
477 1249 584 1302 Virrius
595 1266 658 1302 ore:

63 1338 113 1390 Sed
124 1355 210 1409 genus
221 1339 380 1403 obscurum,
394 1337 514 1406 nullique
527 1337 619 1391 furore
632 1340 773 1396 secundus.

63 1425 118 1498 Qu
129 1435 272 1496 postquam
285 1437 359 1477 coetu
371 1424 483 1478 Patrum
496 1423 650 1494 ingentique
664 1427 761 1479 Senatu

63 1513 147 1583 Impia
159 1511 291 1566 dementis
303 1512 388 1582 vulgi,
408 1529 439 1565 ac
449 1512 497 1565 vix
510 1521 576 1577 tota,
592 1512 715 1583 profudit

64 1598 206 1664 Consulta,
216 1609 243 1652 et
256 1598 366 1653 tumidis
376 1599 494 1653 incendit
506 1601 618 1653 vocibus
631 1619 724 1666 aures3

64 1687 199 1754 Cpncordi
212 1687 322 1742 fremitu
335 1699 497 1742 renuentum
508 1689 658 1744 effunditur
668 1707 746 1761 asper

64 1777 135 1830 Toto
148 1793 163 1828 e
176 1775 290 1830 concilio
301 1776 414 1830 clamor.
434 1787 494 1830 tum
506 1777 724 1849 quisque-fatigat

64 1864 238 1936 Increpitans,
251 1880 403 1935 vocumque
416 1866 506 1919 tremit
518 1866 662 1919 certamine
674 1866 815 1936 templum.

65 1951 115 2004 llic
127 1955 296 2023 Torquatus,
309 1968 392 2006 avum
404 1953 493 2007 fronte
506 1953 651 2023 aequauisse
664 1971 756 2007 severa

65 2040 176 2105 Nobilis,
191 2042 253 2099 Heu
266 2041 359 2111 Capua
371 2051 507 2110 portantes
520 2042 583 2095 talia
594 2041 665 2096 dicta

65 2128 203 2182 Romuleis
214 2127 339 2194 duristis,
352 2130 401 2194 ait,
413 2131 556 2185 succedere
568 2130 668 2183 muris?

67 2217 110 2269 Ad
122 2236 189 2286 quos
201 2235 255 2271 non
268 2218 325 2272 ausi
339 2219 479 2290 Karthago
491 2229 572 2290 atque
585 2220 721 2272 Hannibal
734 2238 808 2275 arma

66 2305 127 2359 Post
139 2308 248 2361 Cannas
259 2308 354 2361 afferre
368 2316 445 2362 suas?
464 2310 644 2378 Nunquamne
654 2325 701 2381 per
712 2327 790 2363 aures

66 2394 89 2443 lt
100 2403 211 2458 vestras,
224 2393 251 2445 in
264 2395 382 2464 Tarpeja
394 2412 458 2449 cum
470 2396 531 2448 sede
544 2397 632 2449 latini

66 2482 179 2536 Orarent
191 2482 276 2552 paria,
287 2483 361 2540 haud
374 2483 474 2548 verbis,
487 2485 560 2537 haud
572 2501 648 2549 voce,
662 2486 707 2538 sed
719 2484 773 2538 acri

68 2570 227 2640 Propulsum
239 2572 344 2634 dextra,
359 2571 404 2639 qui
416 2583 474 2624 tum
487 2574 611 2626 mandata
623 2575 740 2643 superbo

66 2658 118 2710 Ore
130 2659 301 2729 apportabat,
315 2668 390 2711 tanto
402 2676 449 2729 per
461 2659 554 2712 limina
565 2660 659 2730 templi

67 2746 188 2802 Turbine
201 2747 367 2819 praecipitem
379 2749 495 2802 revoluti
507 2751 628 2818 corporis
639 2761 739 2818 actum,

68 2835 112 2898 Ut,
127 2854 198 2890 saevo
209 2837 323 2890 afflictus
335 2853 409 2901 saxo,
423 2848 556 2908 spectante
569 2838 653 2907 piaret

68 2921 166 2980 Tristia
177 2926 249 2981 dicta
259 2928 339 2995 Jove,
353 2937 380 2979 et
392 2927 479 2987 lueret
489 2927 575 2981 verba
586 2927 668 2999 impia
678 2927 746 2991 leto?
