2010 3450
70 253 73 259 '
95 248 144 296 230
440 247 548 287 ΝΟΜ.

130 358 189 406 8'08'.
218 352 330 423 Repone
347 353 387 404 sai
404 368 467 405 eum
484 352 576 406 Heins.
599 367 677 422 quem
697 353 770 409 vide.
804 356 902 430 Scripti

94 434 164 492 metit.
176 439 230 492 sed
239 451 338 494 ntetnens
347 440 468 510 proxime
478 441 659 511 subsequitur.

411 599 528 661 ussa
546 601 593 664 v„

129 726 158 760 v.
171 725 199 773 4.
218 709 318 780 dextra]
336 709 438 760 Omnes
449 707 511 761 libri
520 717 675 762 constanter
685 709 748 763 lava
760 711 900 765 exhibent.

96 795 903 866 Sedvideinfrav.95.ubidicitur,Romanosundasadlaeva'm

16 951 20 957 .
95 885 227 940 habuisse.
247 886 331 957 Ergo,
340 884 385 960 vel
397 885 457 950 hoc,
471 885 515 938 vei
527 885 597 938 illud
609 886 769 940 mendosum
779 897 830 941 est.
852 888 902 940 Sed

63 1027 66 1036 ,
94 973 900 1042 idemSilius,IV.826.itaHannibalernloquenteminducitt

164 1065 202 1118 Tu
211 1067 280 1118 lavas
288 1065 390 1135 propior
400 1065 467 1116 calles
477 1063 568 1127 accede,
584 1062 688 1132 Choaspe

95 1153 194 1218 Poenis,
208 1152 299 1224 igitur,
318 1168 372 1206 non
384 1151 448 1204 litus
461 1150 631 1220 Trasymeni,
652 1151 698 1203 sed
709 1149 795 1205 colles
807 1153 842 1206 ad
853 1153 900 1206 lae·

94 1259 158 1320 vam
170 1242 289 1307 suerunt,
301 1239 430 1294 Romanis
438 1255 504 1292 vero
521 1238 573 1291 hoc
587 1238 647 1292 loco
658 1239 847 1309 Trasymenus
861 1240 900 1294 la-

94 1317 153 1388 cusss
207 1346 272 1384 nare
294 1329 383 1382 omnia
407 1339 477 1381 recte
501 1326 657 1397 procedent,
682 1327 714 1391 si,
738 1337 846 1381 servata
868 1327 900 1380 ad

94 1441 123 1478 v.
135 1440 178 1493 95.
192 1429 298 1490 recepta
309 1416 449 1487 scriptura,
460 1413 506 1468 hic
516 1414 589 1484 legas
603 1424 631 1467 at
636 1424 711 1484 parte
719 1415 842 1480 edextra3
853 1413 901 1468 nisi

95 1511 184 1582 potius
195 1508 280 1578 ipsius
290 1505 346 1559 Silii
359 1521 435 1558 error
447 1502 639 1556 existimandus
651 1501 802 1556 sit-Haec
815 1505 898 1558 Drak.

94 1599 138 1655 cui
150 1599 258 1652 assentit
271 1595 365 1649 Lefeb.
423 1609 425 1616 ·

130 1693 174 1756 7⁶·
187 1685 292 1758 certare]
306 1684 347 1738 Sic
356 1683 424 1736 Cod.
435 1682 497 1735 Col.
506 1693 533 1734 et
545 1691 624 1736 recte.
640 1682 768 1736 Imitatus
780 1683 853 1738 enirn
863 1692 899 1736 est

97 1777 177 1830 Silius
194 1777 262 1828 Hor.
283 1772 344 1825 Lib.
365 1772 404 1823 11.
420 1772 506 1823 Serm.
527 1772 583 1822 111.
609 1788 670 1836 313·
688 1771 730 1823 uti
747 1771 900 1825 observavit

96 1862 242 1927 Bentlejus.
256 1857 331 1912 etsie
344 1856 430 1909 Drak.
444 1866 471 1908 et
480 1854 697 1926 Lefeb.-Vulg.
712 1857 824 1910 certeisse.

131 1969 190 2016 103.
209 1949 238 2000 de
249 1945 378 2016 Flaminio]
391 1944 435 1996 sic
447 1960 539 1996 omnes
552 1944 587 1996 ad
599 1960 685 1996 unum
698 1944 819 2011 antiqui:
833 1946 862 1998 de
871 1953 899 1997 ut

95 2041 123 2094 in
141 2038 230 2091 Cicer.
249 2036 328 2087 Orat.
348 2033 375 2084 in
393 2031 446 2084 Pis.
466 2036 510 2096 46.
530 2031 617 2086 Nimis
635 2031 742 2085 incaute
761 2033 849 2085 Drak.
867 2047 898 2084 ex

94 2128 203 2184 Heinsio
214 2124 331 2179 admittit
343 2121 415 2186 conj.
436 2121 647 2191 Dausqueji‚qui
656 2140 685 2173 ne
693 2122 814 2174 Flaminia
822 2121 898 2176 offer-

95 2219 181 2281 rebat,
195 2211 419 2281 subintelligendo
431 2201 584 2263 contendant.
602 2208 653 2261 Sed
665 2226 714 2280 per
725 2225 753 2261 se
763 2220 804 2264 sat
814 2211 898 2264 clarus

96 2315 154 2359 erat
166 2319 258 2356 sensus
269 2317 303 2352 ex
317 2297 496 2366 sequentibus.
514 2293 604 2364 (Lef.)

131 2411 191 2460 137.
212 2387 342 2462 Gargana]
362 2387 445 2438 Recte
458 2383 529 2436 Cod.
541 2383 603 2435 Col.
614 2385 673 2436 Hoc
686 2401 787 2438 nomen
799 2383 899 2438 derivat

94 2481 188 2534 Lefeb.
211 2496 227 2530 a
252 2476 359 2530 civitate
378 2472 486 2537 Galliae,
515 2471 637 2544 Gergovia
662 2472 707 2524 vel
733 2473 855 2546 Gargano
867 2471 897 2525 ad

95 2570 211 2642 Ligerim,
224 2565 272 2618 ubi
285 2564 358 2616 sedes
374 2562 492 2632 antiquae
510 2560 649 2626 Bojorum.
680 2560 794 2632 Gargani
809 2561 896 2612 Oxon.

95 2659 207 2709 Putean.
219 2653 353 2724 Gargheni.
369 2650 439 2703 Edd.
450 2650 532 2702 Rom.
544 2648 667 2701 etParm.
679 2647 895 2720 Gergeni.-Ald.

95 2743 213 2814 Gargeni.
228 2752 254 2793 et
265 2741 301 2792 sic
314 2738 453 2790 Drakenb.

130 2848 187 2896 147·
200 2828 349 2898 spumantia]
359 2825 493 2900 Qoniam
502 2826 608 2879 humenti
617 2825 660 2878 snb
668 2836 741 2878 antro
749 2825 831 2895 paulo
841 2832 896 2876 ante
950 2823 952 2833 '

81 2928 269 3003 precesserat,
293 2917 374 2969 satius
398 2926 437 2968 est
461 2916 549 2986 legere
570 2915 717 2985 spumantia.
743 2913 804 2968 vide
822 2912 892 2982 Virg-
934 2935 937 2941 ·
