2010 3450
255 260 346 303 nau
364 254 445 300 ivn·
480 254 671 317 wau-383.
819 263 867 317 πο]

61 366 180 423 Immisti
192 365 280 431 Latio,
292 375 460 420 tremuerunt
470 363 570 418 moenia
581 366 688 432 Romae,

61 456 168 528 Perque
180 456 221 510 bis
232 466 344 510 octonos
354 457 458 525 primus
469 453 521 506 fuit
532 454 665 508 Hannibal
677 471 762 508 annos

57 542 181 599 Humani
193 543 308 614 generis.
328 544 452 613 Tempus
463 557 624 611 componere
636 552 754 613 gentem.

61 634 109 687 Ad
120 633 203 687 finem
216 634 343 686 ventum:
364 640 390 683 et
402 630 549 684 claudenda
560 642 600 685 est
607 633 691 698 janua
702 632 777 685 belli.

61 720 139 775 Tum
151 717 267 790 supplex
278 720 359 786 Juno,
371 720 465 786 Neque
477 734 538 789 ego,
551 730 655 773 mutare
667 719 801 786 laborans,

62 806 135 885 Qia
145 816 188 861 est
199 805 255 860 fixa
265 805 331 870 dies,
344 805 471 876 pendenti
483 806 555 859 nube
567 806 666 860 resedi:

60 901 118 953 Nec
130 912 258 951 revocare
269 895 347 961 acies,
358 894 496 961 bellumue
506 894 649 947 extendere
660 912 770 965 quaero:

65 992 137 1065 Qae
147 986 251 1040 donare
261 996 348 1057 potes,
362 985 487 1054 quoniam
497 984 564 1038 mihi
575 985 660 1056 gratia
670 986 790 1058 languet,

61 1077 99 1130 Et
110 1074 207 1130 cecidit
215 1075 273 1140 jam
285 1073 388 1145 primus
399 1088 484 1127 amor.
505 1073 543 1126 nil
555 1072 600 1126 fila
612 1090 737 1128 sororum

63 1164 205 1219 Adversus
210 1180 308 1234 posco.
328 1162 424 1216 Vertat
434 1173 510 1233 terga
521 1163 655 1216 Hannibal
666 1163 747 1228 hosti,

59 1251 100 1308 Ut
112 1254 210 1326 placet,
223 1263 251 1307 et
262 1253 363 1307 cineres
375 1253 469 1318 Trojae
482 1250 647 1323 Karthagine
658 1259 778 1323 regnent.

62 1341 138 1397 Illud
149 1352 177 1395 te
186 1341 289 1412 ⁴gemini
301 1358 351 1412 per
362 1350 457 1394 mutua
467 1339 580 1411 pignora
591 1338 689 1393 amoris

63 1431 100 1485 Et
113 1443 191 1484 soror
202 1439 229 1483 et
240 1430 341 1495 conjux
354 1446 413 1495 oro,
428 1439 537 1482 tranare
548 1427 647 1499 pericla

64 1517 276 1591 Magnanimum
287 1517 387 1587 patiare
397 1518 504 1584 ducem,
517 1518 654 1589 vitamque
666 1518 794 1586 remittas,
907 1533 909 1537 ⁴

62 1610 141 1664 Neve
154 1607 224 1661 sinas
234 1617 345 1676 captum
357 1608 492 1661 Ausonias
504 1607 624 1678 perferre
635 1618 751 1662 catenas.

65 1695 235 1750 Stentetiam
245 1706 357 1750 oontusa
366 1693 443 1748 malis
455 1712 514 1748 mea
524 1696 631 1761 monia,
642 1696 728 1751 fracto

63 1784 182 1838 Nomine
195 1783 315 1848 Sidonio,
328 1793 355 1836 et
366 1793 460 1838 nostro
471 1794 612 1838 serventur
623 1784 730 1839 honori.

65 1872 108 1926 Sic
119 1874 203 1940 Juno,
215 1881 244 1925 et
254 1880 349 1926 contra
361 1871 480 1926 breviter
492 1871 529 1925 sic
539 1872 646 1941 Jupiter
656 1889 750 1926 orsus:

64 1961 110 2015 Do
123 1961 239 2032 spatium
250 1961 334 2016 muris
347 1965 392 2030 (ut
402 1961 457 2029 vis)
472 1962 644 2032 Karthaginis
653 1962 726 2016 altae.

64 2049 142 2102 Stent
152 2047 269 2102 lacrimis
280 2049 456 2119 precibusque
467 2050 529 2102 tuis.
548 2051 595 2103 aed
607 2050 723 2121 percipe,
733 2053 842 2122 conjux,

65 2141 209 2213 Qatenus
219 2136 360 2191 indulsisse
372 2145 460 2191 vacet.
480 2152 534 2189 non
547 2137 627 2208 longa
637 2148 780 2208 supersunt

64 2225 132 2278 Fata
143 2224 216 2289 urbi,
230 2224 373 2294 venietque
384 2225 442 2295 pan'
455 2225 504 2277 sub
517 2224 623 2279 nomine
635 2225 741 2292 ductor,

66 2309 123 2386 Qi
136 2327 209 2363 nunc
220 2320 337 2364 servatas
345 2320 449 2364 evertat
459 2310 580 2364 funditus
591 2328 674 2365 arces.

65 2397 212 2450 AEthereas
223 2414 329 2467 quoque
342 2397 394 2468 (uti
406 2397 507 2467 poscis)
519 2398 607 2452 trahat
619 2397 753 2454 Hannibal
762 2416 850 2468 auras,

64 2485 184 2557 Ereptus
193 2503 302 2556 pugnae.
321 2486 432 2540 miscere
444 2485 487 2540 hic
499 2486 585 2541 sidera
595 2499 690 2558 ponto,

65 2571 102 2624 Et
113 2581 201 2627 terras
211 2573 325 2642 implere
335 2573 409 2627 volet
421 2574 592 2630 redeuntibus
604 2576 694 2631 arnus.

65 2659 140 2712 Novi
152 2659 208 2714 feta
218 2660 271 2714 viri
282 2661 356 2715 bello
366 2663 528 2733 praecordia:
548 2667 595 2719 sed
605 2665 650 2719 lex

66 2747 196 2804 Muneris
205 2749 264 2804 haec
275 2761 333 2805 esto
345 2752 445 2806 nostri:
467 2754 589 2808 Saturnia
599 2771 681 2826 regna

67 2837 109 2890 Ne
120 2836 234 2906 posthac
244 2837 343 2906 videat,
357 2849 460 2912 repetat
470 2857 538 2895 neve
549 2842 663 2912 amplius
674 2860 791 2913 unquam

69 2923 234 2981 Ausoniam.
253 2943 325 2984 nuuc
334 2927 444 2986 instanti
455 2939 563 3002 raptum
572 2930 657 2986 arehe
667 2929 738 2988 leto:
