2010 3450
104 251 156 303 ¹74
305 242 397 288 trau
415 244 499 286 xvh·
519 246 553 285 vr
565 247 712 300 ras—1745
775 281 778 291 .

104 351 163 406 visi
173 360 243 405 stare
255 365 356 414 sumus,
369 349 478 420 dignam
489 359 526 415 te,
539 359 599 404 nate
611 350 753 415 Tonantis,

106 439 255 493 Aderimus
266 438 399 492 dextram.
419 440 475 492 Nec
489 455 537 492 nos
549 448 596 492 aut
607 456 677 494 vana
687 437 794 510 subegit

106 531 220 583 Incertae
231 527 327 581 mentis
339 526 442 592 levitas,
455 535 483 580 et
494 527 593 582 mobile
605 537 713 599 pectus,

105 619 166 671 Aut
178 632 237 688 spes
246 629 273 670 et
285 615 339 669 laeti
351 625 484 693 sectamur
497 614 606 684 praemia
617 615 728 669 Martis.

105 703 248 758 Perfidiam
259 702 335 773 fugio
346 712 373 754 et
385 701 520 772 perjuram
530 702 565 754 ab
577 701 679 774 origine
690 713 809 774 gentem.

105 793 163 857 Tu,
177 791 282 860 quando
294 789 432 845 Herculeis
444 787 527 843 finisti
539 788 636 859 proelia
648 789 736 855 metis,

104 884 185 938 Nunc
194 882 279 952 ipsam
288 879 353 934 belli
366 879 506 934 nobiscum
517 878 613 932 invade
624 889 775 950 parentem.

104 969 156 1022 Ille
168 969 227 1034 tibi,
240 967 348 1037 quijam
358 966 466 1038 gemino
478 965 624 1036 Laurentia
633 966 721 1022 lustro

105 1057 225 1110 Possedit
237 1071 328 1126 regna,
341 1064 369 1108 et
379 1054 461 1109 scalas
471 1054 506 1108 ad
518 1053 617 1109 moenia
629 1055 727 1109 Rornae

103 1143 252 1205 Admovet,
264 1143 291 1195 in
304 1140 416 1210 Libyam
429 1140 544 1194 flammis
555 1138 681 1210 ferroque
693 1139 850 1197 trahendus.

104 1232 147 1286 Sic
158 1230 312 1286 Nomadum
322 1231 430 1289 ductor.
450 1230 533 1283 Tunc
544 1231 640 1284 dextra
652 1230 741 1302 Scipio
753 1232 874 1285 dextram

105 1319 267 1389 Amplexus,
281 1318 308 1372 Si
320 1317 434 1389 pulchra
443 1317 492 1372 tibi
504 1318 633 1372 Mavorte
644 1317 764 1385 videtur,

104 1409 247 1465 Pulchrior
257 1418 297 1462 est
308 1424 373 1480 gens
386 1418 476 1461 nostra
487 1407 549 1461 fide.
571 1407 684 1461 Dimitte
695 1407 832 1480 bilingues

102 1499 147 1552 Ex
159 1497 247 1552 animo
256 1496 349 1550 socios.
369 1497 474 1567 Magna
484 1494 547 1550 hinc
558 1506 584 1549 te
597 1495 707 1565 praemia
717 1496 799 1551 clarae

102 1586 226 1652 Virtutis,
240 1584 391 1651 Masinissa,
404 1593 526 1638 manenti
541 1584 673 1654 citiusque
685 1585 728 1637 vel
742 1582 833 1652 armis,

103 1679 193 1750 Qam
204 1683 287 1745 grata
299 1671 397 1736 studio,
410 1672 534 1726 vincetur
545 1671 642 1742 Scipio,
657 1674 763 1726 mentis.

103 1763 201 1817 Cetera
210 1779 271 1832 quae
280 1760 306 1814 in
320 1760 433 1831 Libyam
445 1760 547 1830 portari
559 1761 680 1814 incendia
693 1762 799 1827 suades,

101 1851 233 1924 Expediet
244 1862 360 1920 ternpus.
379 1866 430 1905 nec
440 1849 512 1906 enim
521 1860 582 1905 sunt
596 1850 659 1904 talia
670 1868 762 1906 rerum

101 1942 164 1994 Non
177 1939 302 1992 meditata
313 1936 389 2002 mihi,
402 1947 429 1990 et
440 1949 557 1992 mentem
570 1939 712 2010 Karthago
724 1939 828 2013 fatigat.

6 2048 9 2053 ’
101 2030 172 2082 Hinc
177 2028 272 2094 juveni
282 2029 354 2081 dona
364 2025 495 2097 insignem
505 2025 638 2082 velamine
651 2027 724 2098 picto

101 2117 157 2170 Dat
167 2114 344 2185 chlamydem,
358 2124 527 2182 ,stratumque
540 2126 613 2169 ostro
626 2117 722 2184 (quem
733 2127 841 2189 ceperat
852 2115 899 2188 ipse

101 2206 213 2272 Dejecto
224 2204 312 2258 victor
322 2205 451 2274 Magone,
464 2204 600 2275 animique
612 2201 754 2275 probarat)

102 2293 295 2362 Cornipedem:
315 2302 383 2357 tum,
397 2309 451 2362 qua
463 2292 568 2345 Divllm
579 2291 680 2346 libabat
691 2293 726 2346 ad
738 2310 798 2347 aras

82 2365 85 2372 Δ
101 2381 310 2445 Ηαεάτυδε],ἐκ
323 2397 389 2434 auro
401 2391 531 2452 pateram,
543 2381 701 2452 galeamque
713 2392 872 2436 comantem.

100 2469 182 2533 Exin,
194 2467 301 2523 firmato
311 2467 400 2522 sociali
412 2467 514 2522 foedere
525 2469 604 2538 regis,

99 2557 247 2610 vertendas
258 2556 339 2628 agitat
348 2558 405 2624 jam
416 2575 487 2611 nunc
500 2556 675 2628 Karthaginis
686 2574 772 2611 arces.

99 2644 225 2716 Massylis
236 2655 362 2717 regnator
373 2656 430 2699 erat
442 2645 587 2700 ditissimus
596 2646 662 2710 oris,

99 2737 157 2789 Nec
167 2733 255 2786 nudus
265 2735 376 2800 virtute,
391 2736 514 2806 Syphax:
536 2752 590 2805 quo
600 2735 663 2802 jura
674 2734 804 2806 petebant

97 2826 251 2879 Innumerae
262 2835 363 2894 gentes,
377 2834 547 2892 extremaque
560 2824 638 2878 litore
650 2824 766 2894 Tethys.

98 2910 191 2964 Multa
202 2908 263 2963 viro
275 2921 355 2978 terra,
368 2927 400 2964 ac
412 2909 525 2983 sonipes,
538 2921 565 2963 et
577 2910 667 2977 belua,
680 2920 770 2964 terror
