2010 3450
97 286 130 335 ῃ
296 243 437 335 uturp-x.
472 282 683 334 vam-3540
708 264 710 268 '

96 389 132 441 Et
144 397 268 450 transtra,
281 395 307 438 et
315 385 389 451 mali,
401 385 541 454 lacemque
549 385 680 456 aplustria
689 385 765 452 velo,

95 477 138 528 Ac
150 473 239 527 miseri
252 472 358 526 fluitant
371 482 540 526 revomentes
552 490 659 542 aequora
669 483 769 531 nautae·
811 509 813 516 ,

96 564 136 615 At
149 561 257 624 Poenus,
271 577 319 630 per
331 560 412 630 longa
422 559 495 614 diem
505 561 650 616 certamina
661 561 739 616 saevis
784 614 786 620 ,

95 649 221 702 Caedibus
233 665 364 711 emensus,
377 657 516 717 postquam
527 649 649 719 eripuere
658 649 749 704 furori

93 737 229 807 Insignem
237 731 355 788 tenebrae
366 735 463 800 lucem,
475 745 534 788 tum
544 736 658 807 denique
671 739 790 791 Martem
886 771 888 774 -

95 828 213 891 Dimisit,
227 828 386 894 tandemque
399 827 451 880 suis
463 826 491 880 iu
503 827 575 880 caede
586 827 713 898 pepercit.

94 916 145 970 Sed
158 933 231 968 mens
243 914 365 984 invigilat
376 914 456 979 curis,
470 914 607 985 noctisque
619 914 737 985 quietem

94 1007 175 1057 Ferre
187 1003 294 1074 nequit,
313 1002 440 1067 stimulat,
454 1003 525 1056 dona
536 1003 606 1055 inter
617 1012 689 1056 tauta
700 1004 831 1076 Deorum,

93 1091 224 1143 Hortatur
234 1087 299 1140 nudi
311 1097 400 1156 portus
410 1085 522 1156 intrtlsse
536 1087 653 1160 Qirini.

92 1172 218 1230 Proxima
229 1176 279 1229 lux
290 1176 386 1245 placet.
407 1175 469 1229 hinc
481 1175 585 1230 strictos
596 1175 666 1229 ferre
677 1175 751 1230 ocius
762 1193 852 1243 enses,

92 1266 167 1319 Dum
179 1264 265 1322 fervet
276 1281 365 1327 cruor,
378 1273 404 1316 et
416 1263 531 1333 perfusae
541 1265 613 1318 caede
624 1265 756 1329 cohortes,

91 1349 223 1413 Destinat,
236 1366 266 1402 ac
274 1350 331 1416 jam
341 1347 457 1403 claustra
469 1366 559 1413 manu,
571 1350 627 1416 jam
638 1349 737 1403 moenia
749 1349 858 1408 flamm

91 1439 222 1507 Occupat,
235 1444 262 1487 et
270 1435 360 1505 jungit
373 1436 490 1506 Tarpeia
501 1436 621 1490 incendia
630 1437 738 1507 Cannis,
780 1444 782 1451 '

92 1529 156 1597 Qto
168 1521 275 1575 turbata
285 1521 337 1573 viri
348 1521 447 1587 conjux
461 1521 584 1576 Saturnia
593 1531 693 1593 coepto,

89 1614 251 1681 irarumque
260 1612 274 1678 J
277 1609 336 1663 ovis
347 1609 467 1678 Latiique²
478 1610 551 1663 haud
561 1609 642 1664 inscia
653 1610 711 1676 fati,

90 1700 237 1767 incautum
243 1696 369 1752 ardorem
379 1705 459 1768 atque
471 1696 562 1751 avidas
574 1697 608 1751 ad
620 1696 697 1751 sutile
708 1707 805 1757 votum

90 1787 154 1856 Spes
163 1783 271 1851 juvenis
281 1782 386 1840 frenare
397 1795 484 1856 parat.
502 1783 554 1837 ciet
565 1783 626 1838 inde
637 1785 733 1855 quietis

88 1873 256 1943 Regnantem
267 1871 384 1927 tenebris
396 1873 539 1937 Summum
554 1888 609 1942 quo
620 1889 688 1943 saepe
700 1872 822 1934 ministro
849 1864 853 1873 ’

31 1954 32 1957 ’
87 1959 213 2014 Edomita
223 1959 300 2016 inviti
310 1960 444 2029 componit
455 1960 558 2014 lumina
569 1961 668 2015 fratris.
696 1972 698 1974 ’

87 2052 180 2120 Atque
191 2050 254 2103 huic
264 2048 393 2114 arridens,
406 2051 468 2102 Non
480 2058 507 2102 te
518 2049 673 2115 majoribus,
686 2048 783 2120 iuquit,

87 2138 180 2203 Ausis,
193 2136 277 2200 Dirc,
289 2153 372 2190 voco:
392 2154 440 2190 nec
450 2153 533 2208 posco
544 2148 575 2191 ut
586 2137 713 2192 mollibus
723 2139 772 2192 alis
796 2171 800 2175 >

87 2225 142 2277 Des
150 2223 334 2288 victummihi,
344 2225 452 2288 Somm,
459 2226 565 2292 Jovem.
585 2242 640 2278 non
649 2225 721 2285 mille
727 2227 867 2297 premendi

87 2313 153 2364 Sunt
164 2311 234 2365 oculi
246 2312 304 2376 tibi,
318 2328 366 2364 nec
378 2328 504 2380 spernens
515 2322 562 2366 tua
572 2313 682 2367 numina
692 2323 782 2369 custos

85 2396 297 2450 Inachiaenurlta
308 2398 473 2468 superandus
485 2409 562 2458 nocte
569 2399 703 2466 jurencae.

86 2484 198 2537 Ductori
210 2501 304 2555 precor
316 2484 443 2540 immittas
454 2502 525 2542 nova
536 2488 637 2547 somnia
649 2487 750 2554 Poen03

83 2574 126 2627 Ne
137 2573 256 2626 Romam·
264 2583 291 2626 et
303 2574 399 2629 vetitos
408 2575 498 2646 cupiat
509 2592 580 2631 nunc
591 2575 678 2631 visere
689 2594 791 2644 muros,

85 2666 160 2739 Qus
172 2660 270 2715 intrare
282 2663 356 2717 dabit
367 2681 505 2735 nunquam
516 2677 641 2737 regnator
653 2666 771 2739 Olympi.

83 2749 232 2820 Imperium
242 2749 313 2805 celer
323 2753 487 2823 exsequitur,
501 2770 639 2825 curuoque
650 2755 767 2810 volucris
816 2821 822 2827 .

83 2836 135 2889 Per
144 2838 265 2891 tenebras
276 2849 364 2907 portat
376 2842 504 2896 medicata
515 2860 647 2914 papavera
657 2861 753 2899 cornu.

83 2924 137 2979 Ast
149 2924 204 2992 ubi,
217 2942 264 2996 per
275 2928 385 2993 taeittun
395 2929 520 3002 allapsus,
534 2933 646 2998 tentoria
656 2934 746 3005 prima
