2010 3450
148 240 199 300 ¹⁶4
351 242 442 284 urata
460 241 514 288 xv·
534 241 745 296 must-7741

147 353 229 419 Tela,
243 360 332 406 sonat:
351 347 483 402 Cohibete
494 345 595 418 fugam.
614 347 658 400 cui
669 347 789 400 cedimus
800 347 886 401 hosti?

148 443 245 496 Nonne
256 441 356 512 pudet?
373 452 502 491 conversa
513 451 593 488 senex
605 436 786 490 marcentibus
795 436 872 490 annis

150 530 269 602 Agmina
280 529 350 599 agit:
362 543 443 591 nunc,
452 542 551 593 quaeso,
562 525 626 577 mihi
635 541 706 577 nunc
715 525 829 578 dextera
835 525 863 578 in
871 523 949 579 armis

151 621 313 690 Degenerat,
323 615 460 682 nostrique
473 613 559 684 piget?
579 612 645 665 mihi
658 613 738 666 Belus
749 629 869 668 avorum

151 706 325 777 Principium,
338 703 404 758 mihi
412 713 556 774 cognatum
569 701 675 754 Sidonia
687 701 761 754 Dido

150 796 266 857 Nomen,
277 802 304 845 et
314 801 375 845 ante
387 806 480 844 omnes
490 789 562 842 bello
575 790 756 842 numerandus
767 790 907 844 Hamilcar

151 884 200 936 Est
211 881 330 952 genitor:
348 879 424 944 mihi,
436 877 480 932 cui
490 878 589 932 cedunt
600 888 765 946 montesque,
776 878 913 949 lacusque,

151 971 187 1023 Et
197 968 294 1038 campi,
307 978 385 1035 atque
396 982 496 1030 amnes,
509 965 605 1018 frater:
624 982 667 1018 me
679 983 775 1038 magna
785 969 947 1024 secundum.

152 1055 292 1127 Karthago
301 1065 377 1124 putat
389 1053 544 1108 Hannibali:
568 1071 610 1106 me
623 1054 703 1107 Baetis
714 1055 742 1108 in
755 1055 810 1109 oris

151 1143 274 1212 AEquant
284 1158 411 1211 gennano
425 1157 506 1211 passae
518 1157 578 1193 mea
589 1140 683 1212 proelia
694 1151 795 1212 gentes.
854 1138 858 1145 ’

151 1229 231 1283 Talia
242 1228 308 1283 dum
319 1238 459 1291 memorat,
472 1227 573 1280 medios
585 1227 689 1280 ablatus
698 1227 727 1280 in
739 1228 840 1298 hostes,

151 1319 190 1371 Ut
199 1334 268 1371 nova
278 1317 412 1388 conspecti
423 1316 559 1372 fulserunt
571 1315 695 1369 Consulis
707 1333 791 1382 arma,

152 1408 264 1461 Hastam
274 1422 446 1477 praepropero
459 1404 519 1458 nisu
528 1403 603 1470 jacit.
622 1403 669 1460 illa
678 1421 726 1474 per
737 1421 799 1458 oras

153 1494 244 1547 AErati
254 1492 332 1564 clipei
343 1502 369 1546 et
380 1493 470 1546 loricae
482 1491 599 1562 tegmina
611 1509 715 1545 summo
754 1551 757 1556 ,

152 1581 251 1635 Incidit
262 1581 334 1635 haud
346 1580 411 1635 felix
424 1581 546 1644 humcro,
559 1595 691 1650 parceque
704 1579 818 1648 petitum

69 1683 72 1690 ·
153 1669 312 1724 Perstrinxit
322 1687 429 1741 corpus,
442 1686 491 1723 nec
503 1668 589 1723 multo
600 1668 684 1721 tincta
694 1684 808 1721 cruore:

153 1759 229 1811 Vana
242 1759 287 1811 sed
298 1759 400 1830 optanti
410 1757 531 1829 promisit
542 1755 640 1826 gaudia
651 1756 746 1808 Poeno.

153 1847 271 1900 Turbati
282 1847 388 1912 Rutuli,
400 1847 566 1915 confusaque
576 1855 685 1916 pectora
696 1844 757 1898 visu

121 1971 123 1976 ·
152 1933 297 1987 Terrifico.
316 1936 396 1988 Tunc
408 1933 567 2004 increpitans
579 1933 719 1987 conamina
731 1933 852 1989 Consul:

153 2021 285 2079 Femineis
296 2021 390 2075 laesum
399 2039 469 2076 vana
478 2022 548 2074 inter
559 2038 660 2074 cornua
670 2039 768 2092 corpus

154 2109 308 2179 Unguibus,
320 2120 367 2163 aut
379 2110 472 2180 palmis
484 2109 575 2163 credas
585 2109 734 2180 puerilibus
746 2111 842 2165 ictum.

154 2197 206 2261 Ite,
220 2197 322 2261 docete,
334 2197 395 2262 viri,
408 2198 539 2251 Romanae
551 2197 664 2251 vulnera
674 2196 778 2251 suerint

157 2287 266 2359 Qanta
275 2285 368 2339 afferre
380 2302 483 2339 manus.
499 2287 579 2339 Tum
589 2302 655 2338 vero
666 2285 816 2341 effunditur
823 2286 915 2360 ingens

155 2373 288 2427 Telorum
299 2375 349 2438 vis,
362 2384 389 2427 et
400 2375 480 2427 densa
489 2375 529 2427 sol
540 2374 657 2428 vincitur
666 2376 778 2429 umbra.

155 2463 269 2532 Jamque
280 2473 459 2532 perextentos
469 2462 571 2517 alterna
580 2474 666 2533 strage
678 2462 804 2518 virorum

157 2549 280 2618 Corpora
291 2549 350 2603 fusa
358 2551 446 2616 jacent
457 2568 573 2621 campos,
586 2552 761 2621 demersaque
773 2551 801 2605 in
813 2553 914 2608 undam

133 2708 134 2712 Ἰ
155 2638 309 2703 Junxerunt
319 2639 428 2692 cumulo
440 2652 574 2692 crescente
584 2640 713 2693 cadavera
722 2639 805 2710 ripas.

156 2725 204 2788 Ut,
217 2743 280 2779 cum
292 2738 390 2781 venatu
400 2727 483 2781 saltus
496 2741 602 2782 exercet
612 2745 709 2799 opacos

158 2813 305 2883 Dictynna,
315 2825 341 2868 et
353 2816 423 2869 laetae
434 2817 537 2885 praebet
546 2815 699 2884 spectacula
707 2816 801 2882 matri,

158 2900 216 2954 Aut
230 2900 305 2956 Pindi
319 2918 426 2956 nemora
436 2901 583 2969 excutiens,
595 2912 642 2957 aut
651 2902 773 2958 Maenala
782 2902 910 2972 lustrans,
