2010 3450
308 273 399 316 ussa
416 272 484 315 xm.
520 273 550 312 v.
563 262 712 330 595—623.
844 269 894 334 ης

93 377 243 433 Ausoniam
254 378 364 449 repetit,
378 378 450 432 fama
460 378 573 432 ducente
585 377 763 449 triumphum.

93 469 149 522 Nec
160 466 272 521 latium
283 468 356 522 curis
367 469 443 521 ardet
456 467 611 538 flagrantius
621 466 693 532 ullis,

94 560 184 634 Qam
193 557 288 623 juveni
302 555 415 626 Libyam
426 565 452 608 et
465 571 583 608 summos
594 555 748 624 permittere
757 554 850 612 fasces.

94 644 145 697 Sed
158 643 259 714 frigens
271 641 375 707 animis,
390 659 438 696 nec
450 640 522 694 bello
535 658 661 711 prospera
671 642 753 696 turba

93 731 216 801 Ancipiti
229 731 318 784 senior
330 729 470 784 temeraria
481 739 567 799 empta
577 729 714 794 vetabant,

93 819 266 892 Magnosque
276 819 421 873 horrebant
433 827 511 871 cauta
523 814 664 869 formidine
674 834 760 872 casus.

93 908 179 979 Ergo,
193 909 241 963 ubi
252 908 343 962 delato
355 906 458 961 Consul
472 903 593 958 sublimis
602 904 705 960 bonore

95 996 142 1050 Ad
154 995 248 1049 Patres
258 995 382 1049 consulta
394 994 486 1059 refert,
500 994 632 1062 deturque
643 1004 768 1064 potestas,

94 1084 172 1150 Orat,
186 1083 308 1137 delendae
322 1081 506 1152 Karthaginis,
520 1079 601 1134 altius
611 1098 688 1138 orsus

94 1174 153 1228 Hoc
163 1173 311 1246 grandaeva
321 1172 402 1225 modo
415 1170 514 1224 Fabius
525 1180 600 1240 pater
613 1186 660 1222 ora
671 1169 793 1226 resolvits

95 1261 176 1315 Haud
187 1261 312 1329 equidem
323 1258 449 1312 metuisse
461 1273 566 1325 queam,
579 1257 687 1311 satiatus
698 1267 725 1310 et
737 1258 790 1311 aevi

96 1345 131 1402 Et
142 1348 258 1413 decoris,
269 1346 314 1400 cui
325 1357 382 1398 tam
393 1353 513 1416 superest
525 1354 552 1397 et
559 1343 645 1414 gloria
656 1353 683 1396 et
696 1355 769 1410 aetas,

95 1436 137 1489 Ne
149 1435 242 1488 credat
254 1451 304 1487 nos
314 1432 424 1487 invidiae
434 1430 578 1488 certamine
591 1431 695 1484 Consul

96 1522 235 1576 laudibus
246 1521 397 1575 obtrectare
409 1518 474 1573 suis.
494 1519 556 1572 satis
567 1518 659 1574 inclita
671 1535 769 1573 nomen

96 1611 194 1665 Gestat
206 1609 278 1664 fama
288 1625 389 1676 meum,
403 1625 451 1662 nec
463 1618 542 1681 egent
554 1620 609 1663 tam
621 1627 749 1682 prospera
760 1609 839 1666 laude

96 1699 178 1753 Facta
190 1715 276 1764 novas
294 1713 391 1750 vemm
403 1707 431 1749 et
443 1696 545 1766 patriae,
562 1696 628 1750 dum
638 1698 694 1752 vita
705 1700 832 1766 manebit,

96 1786 198 1842 Deesse
210 1785 293 1850 nefas,
307 1785 480 1852 animumque
492 1785 567 1838 nefas
579 1785 708 1841 scelerare
721 1788 831 1842 silendo.

97 1873 174 1927 Bella
186 1890 257 1927 nova
268 1873 296 1926 in
309 1872 402 1942 Libyae
413 1871 516 1925 moliris
527 1873 624 1927 ducere
636 1884 719 1928 terras
729 1882 736 1927 t
777 1861 779 1864 Δ

96 1959 191 2014 Hostis
202 1960 275 2014 enim
286 1959 360 2013 deest
374 1959 520 2012 Ausoniaez
539 1975 587 2014 nec
599 1960 707 2015 vincere
717 1963 794 2017 nobis

96 2048 146 2103 Est
158 2047 221 2103 satis
233 2046 422 2102 Hannibalem.
443 2046 547 2100 Petitur
559 2065 617 2115 quae
629 2048 715 2118 gloria
726 2052 812 2117 nujor

97 2137 190 2192 Litore
201 2136 319 2190 Eiisaeot
336 2135 437 2189 stimuli
450 2133 470 2187 si
482 2133 568 2187 laudis
579 2145 728 2204 aguntum,
892 2128 894 2133 ’

98 2226 176 2280 Hanc
188 2234 306 2296 segetem
317 2233 398 2277 mete.
419 2222 578 2292 Composuit
591 2221 760 2292 propioribus
770 2225 840 2280 ausis

99 2311 222 2383 Dignum
234 2322 261 2365 te
273 2312 394 2365 Fortuna
406 2327 508 2381 parem.
529 2309 595 2364 Vult
608 2310 676 2363 Itala
687 2310 768 2365 tellus
864 2361 868 2370 ,

99 2399 230 2454 Ductoris
243 2399 320 2463 saevi,
332 2398 393 2451 vult
404 2400 521 2463 tandem,
534 2397 641 2452 haurire
649 2416 782 2454 cruorem.

100 2489 165 2562 Qo
178 2489 309 2552 Martem,
322 2497 369 2540 aut
383 2504 435 2555 quo
455 2486 528 2559 signa
546 2486 643 2540 trahis?
665 2487 830 2562 restinguere
845 2492 900 2564 pri.

239 2592 316 2628 mum
328 2584 368 2628 est

101 2661 254 2716 Ardentem
265 2661 383 2715 Italiam.
402 2663 451 2715 Tu
462 2661 544 2716 fessos
556 2662 652 2716 obvius
663 2664 733 2718 hosti

100 2751 220 2816 Deseris,
233 2767 265 2804 ac
278 2761 380 2819 septem
391 2750 510 2804 denudas
521 2751 644 2821 proditor
654 2769 738 2806 arces.

101 2839 158 2904 An,
170 2855 235 2894 cum
246 2848 277 2892 tu
291 2838 391 2908 Syrtim
402 2855 432 2893 ac
445 2838 545 2892 steriles
556 2839 672 2893 vastabis
682 2858 783 2911 arenas,

100 2925 162 2978 Non
173 2926 233 2981 dira
245 2923 294 2984 itte
305 2924 364 2980 lues
376 2926 445 2980 notis
454 2927 510 2992 jam
522 2929 656 2983 moenibus
669 2930 744 2983 urbis
824 2938 828 2947 '
