2010 3450
99 272 148 323 irt
313 284 403 326 uren
417 285 484 326 xrv.
519 288 549 325 v.
562 278 692 338 85-114·

100 389 212 455 Verum,
224 388 272 443 ubi
283 387 337 442 fata
347 389 436 443 virum
448 389 538 461 fragili
550 391 654 446 solvere
664 383 781 461 senecta,

100 474 234 528 Primaevo
245 476 322 529 cessit
335 487 470 547 sceptrum
482 477 588 530 exitiale
600 480 702 549 nepoti,

100 562 137 614 Et
149 561 251 630 placida
262 563 407 616 indomitos
418 565 520 635 accepit
530 564 603 636 regia
614 583 712 620 mores.

100 650 234 722 Namque,
247 651 289 705 bis
301 651 404 708 octonis
415 653 536 706 nondum
548 669 595 706 rex
608 654 736 724 praeditus
747 655 834 723 annis,

101 738 224 810 Caligare
236 739 290 794 alto
302 739 329 792 in
341 739 418 804 solio,
431 756 480 794 nec
492 741 611 810 pondera
622 743 697 814 regni

100 825 180 880 Posse
191 827 257 897 pati,
270 838 297 880 et
309 826 422 880 nimium
435 827 516 880 fluxis
527 828 662 883 confidere
674 829 768 885 rebus.

99 915 212 984 Jamque
224 913 300 968 brevi
313 913 429 980 nullum,
447 914 546 969 delicta
558 917 696 972 tuentibus
707 919 800 986 armis,

101 1005 152 1056 Fas
165 1013 269 1067 notum,
282 1003 457 1076 ignotumque
470 1003 559 1058 nefas:
580 1005 709 1060 vilissima
721 1007 779 1079 regi

101 1095 175 1148 Cura
187 1097 285 1164 pudor.
304 1106 359 1150 tarn
371 1094 504 1167 praecipiti
516 1104 637 1150 materna
648 1096 737 1151 furori

101 1185 220 1255 Pyrrhus
232 1185 308 1257 origo
319 1186 400 1241 dabat
413 1186 545 1252 stimulos,
559 1187 708 1257 proavique
721 1186 868 1257 superbum

100 1273 222 1327 AEacidae
234 1290 328 1344 genus,
346 1284 427 1344 atque
441 1284 556 1328 aeternus
568 1273 686 1327 carmine
699 1274 834 1331 Achilles.

100 1362 173 1434 Ergo
185 1363 266 1415 ardor
280 1362 382 1416 subitus
396 1348 542 1416 Poenorum
554 1361 659 1432 incepta
672 1361 797 1415 fovendi:

99 1452 156 1504 Nec
169 1448 261 1505 sceleri
273 1467 358 1504 mora.
377 1449 517 1521 coniungit
529 1466 600 1503 nova
612 1449 724 1518 foedera,
738 1460 829 1523 pacto,

102 1536 216 1589 Cederet
226 1546 257 1588 ut
269 1535 362 1589 Siculis
374 1535 463 1589 victor
475 1535 599 1588 Sidonius
609 1535 674 1589 oris.

101 1624 152 1676 Se'd
162 1623 266 1676 stabant
279 1640 375 1695 poenae,
389 1622 578 1694 tumulumque
591 1623 705 1694 negabat
717 1622 844 1694 Erinnys,

101 1706 165 1787 Qua
176 1712 257 1766 modo
269 1722 360 1782 paetus
372 1721 429 1765 erat
441 1711 542 1765 socium
554 1727 608 1764 non
621 1727 740 1776 cernere,
755 1722 838 1766 terra.

100 1802 191 1853 Saevos
204 1815 318 1869 namque
330 1799 384 1869 pati
397 1797 489 1864 fastus,
500 1800 680 1868 juvenemque
692 1810 806 1854 cruento

100 1887 270 1959 Flagrantem
282 1887 358 1952 luxu,
372 1897 399 1940 et
411 1887 566 1941 miscentem
579 1887 668 1958 turpia
679 1887 756 1953 diris,

1 1976 2 1982 ’
98 1976 179 2030 Haud
191 1975 262 2029 ultra
274 1975 373 2040 faciles,
388 1993 456 2046 quos
468 1976 507 2028 ira
518 1985 658 2044 metusque
670 1970 814 2046 coquebat,

98 2065 187 2132 Jurati
197 2064 376 2118 obtruncant:
397 2080 446 2118 nec
455 2064 512 2130 jam
522 2065 619 2117 modus
632 2064 757 2118 ensibus:
777 2064 876 2119 addunt

100 2151 252 2205 Femineam
263 2151 374 2216 caedem,
387 2161 467 2221 atque
476 2150 612 2204 insontum
623 2161 699 2222 rapta
711 2168 835 2206 sororum

100 2239 223 2308 Corpora
234 2248 409 2308 prosternunt
422 2237 504 2291 ferro.
524 2240 603 2292 Nova
614 2237 690 2292 saevit
701 2238 729 2291 in
742 2239 824 2293 armis

99 2326 230 2390 Libertas,
240 2326 373 2395 jactatque
382 2326 490 2397 jugum.
511 2327 575 2380 Pars
588 2327 689 2381 Punica
700 2337 798 2394 castra,

100 2414 165 2468 Pars
179 2413 261 2466 Italos
273 2425 299 2467 et
312 2422 375 2466 nota
387 2413 500 2477 volunt;
517 2430 566 2468 nec
578 2415 658 2468 turba
669 2415 811 2470 furentum

100 2502 183 2566 Defit,
196 2520 256 2572 quae
269 2513 364 2556 neutro
377 2503 468 2555 sociari
482 2503 583 2556 foedere
595 2503 680 2558 malit.

99 2592 164 2645 Tali
177 2591 325 2646 Trinacriae
337 2602 423 2658 motu,
437 2593 571 2662 rebusque
582 2594 682 2648 Sicanis

99 2679 190 2731 Exitio
202 2679 272 2750 regis
284 2680 406 2751 trepidis,
420 2680 541 2733 sublimis
554 2683 656 2735 honore

101 2767 209 2837 (Tertia
221 2785 282 2821 nam
295 2768 385 2821 Latios
397 2767 539 2823 renovarat
551 2786 672 2840 purpura
680 2769 777 2839 fasces)

100 2853 248 2909 Marcellus
259 2855 368 2910 classem
381 2857 511 2911 Zanclaeis
523 2858 629 2930 appulit
639 2859 704 2914 oris.

99 2943 193 3013 Atque
205 2942 251 2997 ubi
263 2944 439 3013 cunctante,
456 2947 595 3020 caedesque
606 2956 720 3019 exposta
731 2947 844 3021 tyranni,
