2010 3450
98 277 148 326 232
445 271 552 312 nona.

99 378 220 433 cundum
234 377 335 448 Drak.)
345 392 442 431 verum
453 387 503 442 est,
516 375 588 445 quod
598 375 720 429 AEmiliae
726 376 802 448 genti
811 395 881 450 cogn

101 482 178 531 men;
201 477 228 519 et
239 466 277 519 ita
288 467 429 520 ediderunt
442 461 561 530 Marsus,
579 476 607 517 et
623 465 763 517 Martinus
773 465 881 537 Herbip

47 565 55 583 ⁹
100 552 191 626 lensis,
217 555 394 626 probantibus
412 554 567 623 Dausquejo
596 563 624 604 et
644 553 766 608 Heinsio.
782 553 881 608 Pluriin

100 660 134 696 ex
147 653 246 697 vetust.
259 643 329 696 Edd.
345 643 430 696 Bitia.
447 642 540 716 Lefeb.
557 642 631 695 Buta.

135 749 196 798 573.
217 733 323 803 aspexit]
349 732 391 784 Sic
410 733 504 785 Burm.
528 731 655 801 scriptam
671 731 745 784 enim
767 732 882 786 lectione

101 822 190 889 accepit
208 819 317 872 alterius
336 820 412 873 verbi
424 820 580 886 adjunctum
597 819 761 874 infinitivum
773 831 852 891 putat
867 838 881 874 r

101 909 217 979 quirere,
231 908 281 961 nisi
296 910 384 962 audire
399 919 483 974 notet,
503 925 555 976 quo
565 923 644 960 sensu
656 906 703 961 hic
716 925 770 961 non
784 908 881 962 sumito

102 999 177 1067 Saepe
184 1006 275 1049 autern
284 995 388 1049 librarii
398 999 512 1067 accepere,
522 1006 548 1050 et
557 996 661 1065 aspicere
670 996 881 1051 intersecomrn

100 1083 203 1138 nitunt.
216 1084 308 1138 Posses
317 1084 398 1137 etiam
404 1102 466 1138 cum
472 1085 667 1149 Drakoccessit,
676 1084 721 1137 vel
727 1087 840 1156 agnovit.
858 1083 880 1137 P

102 1181 210 1243 recepta
222 1170 358 1226 contendit
369 1172 463 1224 Lefeb.
475 1189 613 1242 exponens
623 1187 673 1242 per
681 1173 866 1226 aninodvertie.

137 1265 197 1327 624.
208 1261 336 1332 fontibm]
353 1260 456 1324 ¹Heinsii
468 1261 786 1326 conjecturs-montibus
796 1262 824 1314 in
840 1269 881 1315 ant

101 1350 160 1418 quis
170 1350 324 1403 exhibetur.
347 1350 392 1401 sed
407 1359 482 1402 monte
492 1351 573 1403 relicto
589 1349 714 1420 proxime
726 1349 881 1418 subsequitu

105 1439 214 1510 Vulgat.
230 1448 322 1492 tuetur
332 1436 426 1490 Lefeb.
440 1447 467 1490 et
478 1437 542 1490 citat
554 1436 660 1490 Horatii
670 1438 786 1491 montibus
795 1437 878 1492 relabi.

136 1530 168 1593 ⁶7
172 1545 197 1592 3.
220 1536 312 1578 restant
323 1525 366 1577 vel
376 1535 488 1594 perstant
504 1525 549 1578 hic
562 1525 735 1578 scribendum
754 1527 881 1580 monuit}

101 1612 309 1666 Heins.-Libri
319 1626 341 1664 et
352 1622 427 1677 stant,
441 1631 501 1682 quae
514 1612 594 1666 lectio
606 1622 694 1683 potest
707 1611 783 1666 ferri.

409 1768 524 1821 LIBER
542 1769 594 1820 VI.

68 1941 71 1946 ,
134 1894 163 1930 v.
177 1893 203 1943 5.
219 1875 564 1941 Heinsiusateconjectura.
575 1873 881 1928 LefeburiusenAEibrie

136 1983 162 2031 7.
181 1964 257 2036 caso]
272 1965 313 2017 Sic
326 1964 420 2017 Lefeb.
431 1975 556 2016 monente
569 1964 798 2016 Bunn.-Heins.
807 1965 833 2017 in
854 1983 881 2016 vi

100 2072 233 2106 nerecaeco.
263 2051 345 2122 Vulg.
360 2053 422 2104 cosi.

136 2162 178 2209 32.
193 2143 280 2214 injecta
292 2142 360 2213 mole]
378 2141 468 2211 Vulgo
480 2141 560 2194 illecta
571 2151 653 2193 morte.
683 2141 717 2193 In
734 2141 797 2194 Col.
812 2140 881 2212 inject

101 2233 177 2284 Tum
186 2230 278 2282 Heins.
287 2230 344 2282 mole
355 2247 405 2299 pro
415 2240 487 2282 morte
498 2229 669 2283 scribendum
680 2239 773 2299 putat;
788 2247 849 2300 quae
861 2245 881 2281 v=

101 2335 144 2371 ces
156 2318 290 2372 interdum
303 2336 319 2370 a
332 2317 447 2370 librariis
467 2317 562 2387 ineptis
577 2316 793 2371 confunduntur.
815 2319 881 2371 Burs

99 2405 176 2475 efficta
185 2417 266 2460 morte.
291 2405 384 2459 Lefeb.
399 2406 502 2475 vulgat.
518 2417 625 2472 tuetur3
638 2406 783 2471 affirmans,
796 2405 881 2460 morso

100 2506 169 2547 serte
187 2512 236 2565 pro
256 2495 363 2547 cadaver
374 2493 506 2563 usurpari.
528 2503 559 2545 ut
578 2493 605 2545 in
625 2493 695 2546 Plin.
718 2494 799 2546 XVI.
822 2513 863 2563 19.

100 2580 166 2650 quid
177 2581 347 2644 mutandum,
362 2580 453 2633 mallet
466 2580 509 2632 vir
520 2580 557 2633 cl.
571 2581 663 2650 irficto
674 2580 719 2633 vel
732 2582 758 2632 in
760 2580 838 2651 ficta.

137 2687 196 2735 125.
222 2671 290 2722 illam
312 2669 489 2740 reposuimus,
511 2679 636 2722 monente
657 2668 779 2721 Heinsio.
807 2667 881 2738 Scrip

99 2755 178 2809 lectio
190 2760 273 2811 ullam.

136 2861 195 2908 152.
214 2846 316 2916 vz'derz't]
339 2844 481 2912 Sequimur
501 2845 589 2899 Codd.
616 2844 678 2898 Col.
702 2845 766 2897 Put.
788 2844 862 2913 quod

100 2931 192 2984 Heins.
200 2942 226 2985 et
233 2933 452 2989 Lefeb.-Drak.
462 2935 639 3005 cumreliquis
647 2935 791 3002 librorum,
800 2934 881 2989 videre
