2010 3450
312 300 402 342 aaran
416 292 464 341 ar.
501 304 530 342 v.
545 285 696 356 4732-5642‘
875 308 909 360 45

98 405 261 460 Adductum
273 415 355 460 cantu
365 406 434 461 vidit
446 423 529 461 mare.
549 407 653 462 Pallida
664 424 746 480 regna

99 494 236 548 Ristonius
248 503 324 548 rates
336 493 504 564 flammisque
516 496 674 551 Acheronta
686 505 826 555 sonantem

99 583 220 638 Placavit
233 582 348 655 plectro,
362 593 389 637 et
401 583 460 637 fixit
472 585 622 640 revolubile
634 603 738 640 saxum

97 672 123 724 0
135 671 202 724 dirae
213 670 349 724 Ciconum
361 681 468 737 nutres,
482 672 625 744 Geticique
638 673 754 739 furores,

97 761 135 814 Et
146 761 276 814 damma
287 760 353 814 Deis
365 760 511 832 Rhodope!
526 760 590 813 tulit
602 778 649 814 ora
662 762 769 816 mulsa

97 851 131 902 In
145 858 272 918 pontum,
286 847 351 920 ripis
363 860 477 920 utraque
490 850 671 921 sequentibus,
686 852 804 905 Hebrus.

99 939 176 991 Tum
188 954 306 1008 quoque,
318 954 383 991 cum
396 938 481 1008 rapidi
491 949 573 1009 caput
584 956 600 992 a
610 938 713 994 cervice
726 940 842 997 recisum

99 1027 241 1082 Portarent
253 1028 358 1093 fluenta,
373 1027 461 1083 subito
472 1029 605 1082 emicuere
617 1045 665 1099 per
677 1028 762 1084 undae

99 1118 146 1171 Ad
159 1136 285 1172 murmur
296 1127 353 1171 cete
365 1127 423 1170 toto
434 1117 595 1172 exsultantia
605 1129 699 1188 ponto·

99 1207 141 1261 Sic
152 1217 212 1261 tum
225 1207 329 1261 Pierius
342 1205 419 1259 bellis
429 1207 525 1261 durata
536 1207 660 1260 virorum

99 1295 211 1349 Pectora
223 1294 342 1348 Castalio
354 1293 496 1364 frangebat
506 1295 625 1348 carmine
637 1295 784 1352 Teuthrae·

98 1385 206 1437 Interea
217 1381 322 1454 placida
329 1381 474 1436 attulerant
483 1382 540 1449 jam
553 1381 659 1435 flamina
670 1382 749 1436 terris

98 1471 248 1542 Magonem
260 1469 378 1538 Libycis.
399 1469 489 1522 Lauro
503 1468 626 1522 redimita
638 1470 746 1524 subibat

99 1561 215 1631 Optatos
227 1558 323 1630 puppis
334 1567 438 1628 portus,
452 1557 600 1629 pelagoque
611 1559 745 1612 micabant

101 1647 219 1718 Captiva
234 1665 310 1706 arma
322 1646 418 1718 procul
430 1646 501 1701 celsa
513 1646 644 1719 fulgentia
655 1663 746 1717 prora.

99 1737 148 1801 At,
163 1735 258 1808 patulo
268 1751 383 1806 surgens
389 1735 552 1801 jamdudum
564 1751 598 1787 ea
611 1750 728 1802 aequore,
739 1733 793 1789 late

98 1824 230 1879 Nauticus
240 1821 369 1893 implebat
381 1823 531 1878 resonantia
541 1823 619 1876 litora
629 1823 741 1889 clamor,
848 1822 854 1834 “

99 1913 144 1979 Et,
158 1912 239 1968 simul
251 1912 374 1967 adductis
384 1929 509 1984 percussa
521 1912 555 1965 ad
567 1921 675 1981 pectora
686 1913 780 1981 tonsis,

99 2001 221 2057 Centeno
232 2001 334 2056 fractus
345 2001 487 2072 spumabat
498 2000 611 2053 verbere
622 2008 731 2068 pontus.

98 2090 154 2144 Nec
166 2088 271 2143 lentum
279 2089 307 2141 in
321 2088 421 2141 medios
433 2087 561 2156 rapienda
572 2087 606 2140 ad
617 2087 715 2158 gaudia
725 2087 825 2160 vulgus
874 2100 878 2107 ·

99 2175 237 2231 Procurrit
248 2175 356 2240 ductus,
367 2175 490 2246 elataque
502 2176 584 2230 turba
595 2175 689 2228 lavore

100 2262 230 2317 Certatim
242 2261 344 2333 ingenti
354 2262 471 2316 celebrat
482 2279 554 2315 nova
565 2261 662 2333 gaudia
673 2261 780 2332 plausu.

99 2353 237 2422 AEquatur
249 2364 339 2405 rector
351 2351 438 2405 Divis.
458 2351 536 2405 illum
548 2351 666 2422 undique
679 2362 787 2420 matres,

99 2442 182 2495 Illum
194 2441 276 2495 turba
288 2440 377 2494 minor
386 2440 480 2494 moniti
491 2440 608 2512 gaudere
619 2451 737 2512 nepotes,

98 2529 133 2582 Et
143 2529 233 2584 senior
244 2545 349 2592 manus,
360 2539 388 2582 et
396 2529 477 2594 juxta
487 2527 667 2599 populusque,
680 2528 836 2602 Patreeque,

80 2662 85 2671 .
99 2616 225 2671 Mactaris
238 2615 374 2686 Superum
385 2616 530 2687 dignantur
541 2616 644 2669 honore
654 2617 788 2682 juvencis·

99 2706 140 2760 Sic
151 2705 268 2777 patriam
279 2706 366 2775 Mago
377 2716 405 2758 et
416 2716 507 2777 portas
519 2706 652 2776 ingressus
664 2717 774 2763 ovantes

100 2794 236 2848 Fraternae
247 2787 339 2847 laudis'
348 2792 428 2847 fania.
448 2793 516 2846 Ruit
527 2793 589 2846 inde
602 2794 723 2861 Senatus,

99 2879 133 2934 Et
145 2880 232 2934 multo
246 2880 361 2934 Patrum
373 2879 487 2951 stipatur
498 2879 574 2934 curia
583 2890 668 2934 coetu.

99 2966 181 3037 Tum,
195 2967 285 3043 Divos
296 2976 440 3033 veneratur
448 2965 531 3023 avum
542 2967 576 3022 de
588 2983 663 3025 more
673 2979 789 3044 uetusto,
