2010 3450
303 290 395 333 arm
412 291 480 334 xlv.
516 295 546 333 v.
561 287 708 348 355-384.
859 299 908 352 sss

101 398 200 454 Classis
212 397 341 462 subsidio,
354 407 381 450 et
394 397 530 451 scindebat
539 398 640 453 caeruta
652 397 755 453 rostris.

100 489 224 560 Erigitur
235 487 338 541 subitas
348 485 376 538 iu
388 502 448 558 spes
458 487 605 540 Arethusia
616 488 716 559 proles,

99 576 289 648 Adiungitque
300 590 370 639 suas,
384 585 464 644 portu
477 592 627 646 progressa,
640 576 755 631 carinas.

99 669 156 722 Nec
167 676 264 722 contra
275 664 415 718 Ausonius
426 665 511 717 tonsis
522 674 613 734 aptare
625 664 739 719 lacertos

100 753 265 819 Addubitat,
277 752 425 822 mersisque
436 751 507 806 ‹eler
519 751 587 806 fodit
600 768 710 822 aequora
720 754 810 809 remis.

99 841 268 897 Verberibus
280 850 382 893 torsere
394 838 509 893 fretum:
530 839 592 893 salis
603 839 656 894 icta
667 841 801 912 frequenti

99 928 224 983 nlbescit
236 927 318 999 pulsu
329 925 418 991 facies,
430 943 533 998 perque
544 944 654 998 aequora
665 929 718 982 late

99 1019 214 1088 spumat
224 1015 331 1070 canenti
343 1014 462 1068 sulcatus
473 1015 579 1086 gurgite
591 1015 677 1070 limes.

99 1104 235 1159 losultant
247 1103 349 1176 pariter
359 1102 470 1174 pelago:
490 1119 521 1156 ac
532 1087 667 1174 Neptunia
678 1122 760 1176 regna

99 1193 275 1264 Tempestate
287 1207 360 1244 nova
372 1190 517 1261 trepidant.
539 1201 597 1245 turn
609 1193 722 1247 vocibus
733 1209 826 1264 aequor

99 1281 238 1346 Personat,
250 1289 278 1333 et
287 1279 387 1332 clamat
398 1279 514 1350 scopulis
526 1279 649 1336 clamoris
661 1281 760 1354 imago.

99 1372 143 1423 Ac
151 1369 211 1436 jam
221 1367 336 1422 diffusus
348 1384 433 1420 vacua
443 1367 559 1422 bellator
569 1369 596 1423 in
609 1369 681 1424 unda

99 1456 237 1511 Cornibus
248 1455 378 1509 ambierat
389 1456 495 1525 patulos
506 1456 541 1510 ad
552 1456 649 1525 proelia
662 1457 771 1523 fluctus,

98 1545 197 1601 Navali
207 1543 335 1599 claudens
345 1544 501 1597 humentem
511 1543 635 1614 indagine
646 1561 782 1615 campton-

99 1635 140 1688 At
153 1632 234 1686 simili
247 1641 361 1687 curvata
373 1631 431 1684 sinu
442 1631 549 1686 diversa
560 1632 655 1684 ruebat

100 1720 212 1786 Classis,
224 1730 252 1773 et
263 1719 384 1774 arctabat
395 1720 488 1773 lunato
499 1719 600 1773 caerula
610 1736 686 1790 gyro.

98 1811 156 1864 Nec
167 1825 258 1862 soora:
274 1806 395 1861 terrificis
408 1823 486 1861 saevae
498 1807 658 1861 stridoribus
670 1809 740 1873 aeris,

99 1900 151 1953 Per
161 1913 280 1952 vacuum
290 1895 344 1948 late
355 1905 436 1950 cantu
449 1905 588 1949 resonante
601 1895 777 1966 profundum,

99 1986 263 2055 lncrepuere
273 1982 356 2046 tuba,
370 1980 432 2052 quis
442 1980 547 2034 excitus
559 1997 667 2051 aequore
678 1981 779 2036 Triton

98 2073 217 2142 Expavit
229 2080 308 2125 tortae
320 2070 449 2125 certantia
459 2087 598 2124 murmura
608 2069 728 2124 conchae.

98 2162 152 2215 Vix
164 2158 311 2214 meminere
322 2159 419 2223 maris;
437 2169 493 2211 tam
504 2168 581 2212 vasto
592 2160 626 2212 ad
637 2158 732 2228 puelia
744 2158 804 2212 nisu

96 2248 264 2303 Incumbunt
275 2248 364 2317 proni,
377 2246 521 2317 positisque
533 2247 561 2300 in
573 2247 691 2320 margine
702 2246 800 2319 puppis

98 2339 238 2392 Extremae
249 2335 347 2408 plantis
359 2345 482 2389 nutantes
493 2336 594 2406 spicula
606 2346 744 2408 torquent.

98 2425 232 2481 Sternitur
241 2424 338 2499 effusis,
345 2424 432 2495 pelagi
446 2425 533 2479 media
544 2442 606 2478 area
617 2425 687 2490 telis,

97 2515 231 2586 Celsaque
238 2512 369 2567 anhelatis
376 2528 523 2582 exsurgens
531 2512 629 2566 ictibus
639 2513 717 2567 aluus

97 2602 208 2657 Caerula
220 2601 335 2673 nigranti
348 2601 425 2654 findit
437 2601 588 2671 spumantia
597 2600 682 2654 sulco.

98 2694 150 2744 Ast
161 2691 221 2745 aliae
234 2689 317 2742 latere
329 2698 407 2756 atque
419 2687 517 2741 incussi
528 2686 633 2739 roboris
643 2686 700 2740 ictu

99 2779 248 2849 Detergent
260 2793 365 2830 remos:
385 2776 444 2829 aliae
455 2792 504 2845 per
515 2775 616 2828 viscera
628 2774 706 2844 pinus

98 2864 244 2922 Tramissis
257 2865 314 2937 ipso
327 2864 476 2918 retinentur
488 2862 600 2916 vulnere
612 2861 713 2927 rostris,

100 2957 162 3035 Qto
174 2954 303 3013 retinent.
323 2953 430 3009 Medias
440 2952 512 3007 inter
523 2948 665 3006 sublimior
675 2949 730 3004 ibat
