2010 3450
106 298 141 352 so
315 306 405 348 utura
424 305 480 347 xri.
516 302 548 342 v.
561 300 708 357 ωας-πμ.

107 413 285 486 Egredimur?
297 413 383 476 state,
394 429 411 465 o
424 410 522 474 miseri,
536 409 598 480 quis
609 408 694 480 gloria
706 423 811 462 summa

109 502 242 556 Dedecori
254 511 304 553 est.
321 499 358 551 nil
371 513 419 551 vos
431 496 509 549 hodie
521 496 598 566 (mihi
610 495 724 562 credite)
738 506 815 565 terga
873 528 876 533 <

108 587 502 663 Vertentesfidumexspeetat.
524 585 668 649 meruistis,
682 595 713 637 ut
725 584 815 637 omnis
849 602 852 612 ’

107 679 222 747 ingruat
237 674 366 739 Ausonia,
379 684 406 727 et
419 690 490 726 saevo
504 675 632 727 Mavorte
644 665 768 744 parastis,

108 769 157 822 Ne,
162 784 217 836 qua
227 782 287 836 spes
298 764 372 817 fusos
385 763 457 834 pacis
468 762 583 830 vitaeque
593 773 722 816 maneret.

109 854 240 907 Vincebat
251 853 367 906 clamore
381 852 467 916 tubas,
481 852 610 922 vocisque
618 850 713 922 vigore

110 941 243 1016 Qamvis
255 942 407 996 obstructas
419 956 507 993 saevus
520 940 677 1010 penetrabat
687 940 715 992 in
727 956 817 995 aures.

111 1029 325 1100 Polydamanteis
334 1029 441 1096 juvenis
454 1029 587 1082 Pedianus
598 1029 624 1082 in
636 1030 719 1082 armis

111 1114 187 1170 Bella
194 1115 314 1187 agitabat
328 1126 416 1179 atrox,
430 1116 602 1184 Troianaque
614 1116 713 1169 semina
724 1126 751 1169 et
762 1126 839 1170 ortus

110 1208 204 1276 Atque
217 1207 373 1259 Antenorea
384 1220 440 1258 sese
452 1205 485 1257 de
497 1204 580 1274 stirpe
593 1204 706 1270 ferebat,

110 1294 191 1348 Haud
202 1292 288 1346 levior
298 1293 402 1364 generis
412 1292 482 1346 fama
493 1309 621 1361 sacroque
633 1293 751 1346 Timavo

111 1382 216 1448 Gloria,
230 1393 256 1436 et
267 1383 399 1452 Euganeis
411 1382 538 1436 dilectum
550 1399 647 1434 nomen
660 1381 688 1434 in
700 1380 764 1434 oris.

111 1471 182 1526 Huic
194 1481 271 1542 pater
281 1471 424 1536 Eridanus,
438 1472 603 1540 Venetaeque
614 1487 648 1524 ex
660 1471 755 1525 ordine
767 1482 869 1544 gentes,

111 1562 204 1629 Atque
217 1562 316 1630 Apono
328 1561 445 1632 gaudens
454 1560 579 1632 populus,
593 1578 639 1615 seu
648 1560 719 1614 bella
730 1560 822 1625 cieret,

111 1650 164 1702 Seu
174 1650 268 1702 Musas
280 1647 400 1720 placidus
412 1648 552 1718 doctaeque
566 1647 669 1702 silentia
679 1649 743 1702 vitae

112 1735 220 1800 Mallet,
234 1747 261 1789 et
276 1735 478 1807 Aonio‘plectro
491 1736 609 1791 mulcere
622 1736 737 1801 labores,

112 1825 174 1879 Non
186 1824 273 1878 ullum
286 1824 378 1877 dixere
388 1841 494 1894 parem3
509 1842 557 1878 nec
570 1825 659 1878 notior
669 1825 737 1879 alter

112 1910 236 1965 Gradivo
243 1911 361 1977 juvenis,
375 1928 423 1964 nec
436 1911 539 1965 Phoebo
552 1913 642 1965 notior
651 1911 729 1966 alter.

112 1999 168 2076 Qi
180 2009 331 2068 postquam,
343 1998 434 2052 effusis
446 2017 543 2070 urgens
553 2001 664 2072 vestigia
676 2001 758 2055 frenis
790 2025 793 2032 ·

111 2088 268 2153 Poenorum,
279 2090 357 2155 juxta
368 2087 472 2159 galeam
483 2100 564 2160 atque
576 2090 677 2160 insigne
690 2093 803 2160 peremti

113 2178 235 2248 Agnovit
246 2178 364 2248 spolium
375 2179 472 2230 Paulli.
492 2197 561 2251 puer
572 2180 618 2234 illa
629 2181 748 2252 gerebat,

112 2269 174 2337 Non
186 2284 270 2339 parvo
283 2267 361 2320 laetus
372 2267 491 2321 ductoris
503 2286 623 2334 munere,
639 2269 748 2340 Cinyps,

112 2354 328 2421 DilectusPoeno
337 2355 449 2425 Cinyps,
462 2375 516 2427 quo
527 2357 629 2427 gratior
640 2373 688 2410 ota

113 2445 175 2499 Non
187 2443 247 2508 suit,
261 2462 291 2498 ac
306 2443 382 2497 nulla
393 2443 472 2498 nituit
485 2445 546 2515 plus
558 2446 647 2499 fronte
659 2445 773 2511 decoris.

114 2532 201 2606 Qale
213 2532 302 2597 micat,
316 2549 449 2601 semperq3
463 2550 566 2586 novum
578 2544 627 2598 est,
645 2534 719 2604 quod
730 2534 845 2589 Tiburis
856 2552 896 2589 aut

114 2620 210 2685 Pascit,
224 2621 301 2686 ebur,
316 2621 358 2673 vel
372 2621 417 2689 qui
429 2621 497 2674 miro
510 2622 632 2675 candoris
643 2622 746 2676 honore

114 2708 200 2761 Lucet
210 2707 310 2762 inaure
322 2708 399 2779 lapis,
413 2709 503 2763 rubris
514 2710 643 2763 advectus
654 2710 688 2764 ab
701 2710 790 2763 undis.

113 2802 204 2871 Qem
216 2807 365 2865 postquam,
378 2798 517 2870 egregium
528 2798 615 2851 cristis
626 2811 653 2851 et
664 2799 764 2853 casside
776 2811 840 2853 nota

114 2883 283 2953 Fulgentem,
297 2895 419 2939 extremo
428 2886 560 2939 Pedianus
573 2889 599 2939 in
612 2887 717 2958 agmine
729 2887 808 2953 vidit,
835 2946 838 2953 ,

113 2969 173 3024 Ceu
184 2971 272 3024 subita
280 2981 342 3025 ante
352 2973 445 3028 oculos
455 2972 542 3027 Paulli
553 2975 703 3028 emersisset
714 2975 803 3047 imago
