2010 3450
322 288 418 333 atara
436 290 505 333 xrv.
540 293 570 331 v.
583 279 700 344 55-84.
865 290 912 339 ης

103 396 144 448 At
155 411 211 449 non
224 410 321 467 mnus
331 405 403 450 amat
415 394 557 451 Trinacria
568 394 708 450 Mulciber
718 400 805 448 anua.

102 486 172 539 Nam
185 484 295 555 Lipare,
304 485 388 545 vasus
398 485 490 538 subter
502 485 609 554 depasta
620 482 741 548 caminis,

102 573 262 627 Sulfureurn
273 571 360 629 vomit
371 588 450 626 exeso
462 573 496 627 de
507 572 608 626 vertice
620 569 737 624 fumum.

101 662 155 714 Ast
167 661 256 727 AEtoa
266 670 371 714 eruotat
383 660 543 715 tremefactis
553 659 675 715 cautibus
686 657 762 729 ignis·

101 748 203 803 Inclusi
214 747 341 820 genuus,
355 748 493 820 pelagique
504 748 606 803 imitata
616 748 738 802 furorem

101 835 249 892 Murmure
256 853 308 908 per
317 854 403 892 caeoos
414 848 488 891 tonat
497 837 641 908 irrequieta
648 835 769 907 fragores

101 926 187 980 Nocte
198 924 295 994 dieque
303 925 393 980 simut.
413 929 522 980 Fontee
535 926 734 997 Phlegethontis
744 935 774 980 ut
785 937 845 981 atro

101 1013 286 1068 Flammarum
295 1016 415 1069 exundat
425 1025 539 1080 torrens,
553 1014 678 1086 piceaque
689 1015 807 1087 procella

102 1101 296 1156 Semiambusta
307 1113 377 1157 rotat
389 1103 539 1174 liquefactis
550 1121 614 1157 saxa
624 1104 753 1157 cavernis.

101 1187 152 1250 Sed
161 1206 316 1258 qtranqtram
327 1190 403 1262 largo
412 1191 581 1245 flammarum
589 1200 717 1244 exaestuet
729 1191 802 1245 intus

99 1274 236 1342 Turbine,
248 1285 276 1330 et
285 1276 389 1331 assidue
401 1279 560 1332 subnascens
571 1279 688 1349 profluat
700 1279 777 1348 ignis,

100 1363 211 1418 Summo
222 1378 290 1419 cana
297 1367 365 1436 jugo
376 1366 482 1421 cohibet
496 1367 629 1436 (mirabile
640 1367 745 1434 dictul)

100 1451 224 1511 Vicinam
237 1453 352 1508 lammis
363 1453 489 1524 glaciem
509 1465 661 1524 retentoque
673 1456 761 1526 rigore

100 1541 235 1596 Ardentes
246 1543 359 1596 horrent
370 1542 488 1614 scopulis
507 1552 558 1597 stat
569 1542 668 1597 vertice
680 1541 743 1595 celsi

99 1629 185 1685 Collis
195 1630 291 1696 hiems,
303 1631 443 1702 calidaque
454 1630 545 1684 nivem
555 1632 621 1703 tegit
632 1641 690 1685 atra
701 1630 801 1684 favilla.

98 1717 174 1796 Qid
183 1717 301 1773 reseratu
311 1717 405 1773 AEolio
417 1727 540 1788 regnatas
550 1719 657 1772 nomine
668 1726 767 1773 terrast

96 1808 303 1877 Ventorumque
313 1807 418 1872 domos,
429 1816 507 1874 atque
520 1807 610 1862 addita
619 1807 734 1862 claustra
745 1807 884 1878 procellist

96 1894 149 1949 llic
161 1895 234 1950 versi
246 1893 352 1965 penitus
363 1890 479 1964 Pelopea
487 1895 521 1949 ad
533 1913 615 1967 regna
625 1895 742 1966 Pachyni

95 1982 204 2038 Pulsata
215 1982 293 2037 Ionio
304 1976 467 2054 respondent
478 2000 541 2038 saxa
552 1982 697 2054 profundo.

95 2071 159 2138 Hie,
171 2082 268 2127 contra
278 2073 443 2144 libyamque
454 2075 535 2128 situm
545 2075 684 2144 Corosque
696 2075 825 2143 forentes,

95 2161 190 2216 Cernit
199 2162 317 2216 desem
327 2162 467 2234 Lilybaeon
478 2163 569 2217 nobile
580 2163 688 2219 Chelas.

95 2251 145 2315 At,
157 2267 213 2320 qua
223 2249 322 2304 diversi
334 2250 425 2306 lateris
436 2251 512 2304 frons
523 2253 599 2305 tertia
611 2253 689 2306 terris

94 2337 189 2410 Vergit
200 2339 229 2393 in
241 2339 348 2392 Italiam
359 2339 465 2409 prolato
476 2340 511 2392 ad
522 2339 600 2393 litora
611 2339 701 2407 dorso,

95 2426 313 2481 Celsusarenoaa
324 2426 397 2481 tollit
408 2444 435 2482 se
448 2427 520 2481 mole
532 2427 653 2482 Pelorus.
762 2436 780 2470 -'

95 2514 143 2567 His
152 2515 234 2586 longo
245 2515 317 2568 mitis
329 2515 432 2585 placide
443 2515 596 2570 dominator
605 2515 633 2569 in
646 2533 706 2571 aevo

95 2600 244 2656 Praefuerat
254 2603 334 2657 terris
343 2602 455 2670 Hieron,
468 2613 583 2657 tractare
594 2619 689 2658 sereno

94 2689 211 2761 Imperio
222 2690 336 2762 vulgum
349 2691 464 2762 pollens,
473 2704 500 2745 et
511 2703 619 2763 pectora
630 2691 707 2745 nullo

95 2774 238 2832 Parentum
248 2779 384 2850 exagitare
395 2791 484 2847 metu3
497 2791 655 2850 pactamque
666 2795 716 2850 per
726 2797 787 2840 aras

96 2863 172 2918 Haud
183 2864 269 2920 facilis
280 2876 411 2921 temerare
421 2866 510 2934 tidem,
523 2868 629 2923 socialia
634 2868 697 2934 jura
761 2905 766 2915 «

97 2951 220 3023 Autpnl'u
231 2953 333 3029 multos
344 2953 465 3020 terraram
474 2966 546 3013 casta
556 2974 605 3029 per
614 2972 708 3014 annos.
