2010 3450
328 478 497 554 LIBER
529 480 684 556 XVII.

444 749 473 785 v.
490 749 586 796 1—24.

104 840 249 942 Hosrts
263 899 293 943 ut
305 888 434 942 Ausoniis
443 889 589 944 discederet
601 891 704 944 advena
714 889 802 956 terris,

102 977 230 1032 Fatidicae
243 975 350 1029 fuerant
359 975 467 1029 oracula
478 977 563 1046 prisca
576 977 695 1048 sibyllae,

103 1064 269 1120 Coelicoldm
281 1065 396 1135 Phrygia
408 1065 569 1136 genetricem
581 1066 640 1120 sede
652 1066 763 1139 petitam

101 1154 312 1209 Laomedonteae
325 1154 479 1207 sacrandam
490 1154 624 1207 moenibus
636 1154 726 1209 urbis:

101 1244 261 1298 Advectum
271 1241 408 1312 exciperet
419 1259 528 1306 numen,
541 1243 598 1311 qui,
610 1242 696 1298 lectus
707 1241 740 1293 ab
752 1240 825 1293 omni

102 1330 226 1385 Concilio
237 1330 359 1394 Patrum,
371 1329 629 1400 praesentisdegeret
641 1328 692 1380 aevi

100 1419 238 1490 Optimus.
258 1418 312 1470 heu
325 1433 421 1472 nomen
433 1417 527 1471 melius
539 1417 677 1487 majusque
689 1414 846 1485 triumphis!

98 1508 215 1576 Jamque
227 1506 311 1578 petita
321 1504 421 1570 aderat,
436 1504 512 1558 Latia
523 1515 656 1575 portante,
670 1505 781 1574 Cybebe

98 1592 204 1666 Puppe,
215 1603 297 1663 atque
308 1594 447 1656 innocuus,
461 1605 558 1662 magno
570 1601 691 1646 censente
705 1593 813 1659 Senatu,

99 1679 208 1733 Obvius
218 1679 309 1733 accitis
320 1678 482 1750 properabat
495 1676 582 1748 Scipio
595 1677 683 1743 sacris,

99 1765 168 1840 Qi,
180 1765 287 1837 genitus
299 1776 396 1836 patruo
407 1764 527 1818 ductoris
538 1766 572 1818 ad
585 1764 680 1819 Africa
689 1765 761 1820 bella

97 1855 181 1908 Tunc
193 1853 266 1918 lecti,
280 1853 367 1906 multa
378 1853 498 1924 fulgebat
508 1855 624 1925 imagine
634 1871 758 1908 avorum.

98 1942 180 2010 Isque
194 1942 240 1995 ubi
253 1940 400 2012 longinquo
412 1942 544 1995 venientia
555 1943 664 1996 numina
675 1950 764 2016 ponto,

98 2029 215 2100 Accepit
228 2029 342 2099 supplex
355 2029 459 2100 palmis,
472 2029 610 2099 Tuscique
622 2047 719 2084 sonora

96 2117 249 2188 Thybridis
261 2116 370 2173 adducit
381 2117 501 2170 sublimis
512 2118 546 2170 ad
558 2117 625 2171 ostia
634 2119 762 2188 puppim:

99 2206 234 2259 Femineae
246 2217 305 2258 tum
317 2204 411 2258 deinde
424 2223 519 2260 manus
531 2206 644 2271 subiere,
658 2223 707 2278 per
716 2223 824 2261 amnem

97 2297 168 2368 Qae
180 2294 319 2348 traherent
330 2294 427 2347 celsam
439 2294 555 2365 religatis
567 2295 677 2349 funibus
688 2297 790 2350 alnum.

98 2381 212 2436 Circum
224 2390 320 2451 arguta
332 2381 404 2434 cavis
415 2381 555 2435 tinnitibus
567 2399 629 2448 aera,
643 2384 774 2453 simulque

53 2525 56 2530 ,
97 2469 247 2523 Certabant
259 2482 340 2522 rauco
352 2471 500 2523 resonantia
511 2481 637 2541 tympana
648 2471 727 2543 pulsu
734 2491 742 2538 ;

96 2558 277 2628 Semivirique
289 2558 374 2623 chori,
386 2558 493 2630 gemino
505 2558 550 2627 qui
563 2559 698 2633 Dindyma
709 2570 800 2614 monte

96 2638 176 2700 Casta
188 2646 297 2711 colunt,
312 2647 359 2715 qui
372 2647 475 2700 Dictaeo
486 2646 650 2701 bacchantur
660 2648 687 2701 in
698 2657 793 2715 antr03

97 2735 208 2810 Qique
221 2735 296 2786 ldaea
304 2735 370 2805 juga
381 2745 407 2788 e't
420 2735 494 2788 lucos
506 2752 606 2790 novere
618 2736 735 2790 silentes.

97 2823 153 2876 llos
159 2823 235 2875 inter
246 2821 369 2876 fremitus
381 2839 411 2876 ac
422 2823 485 2877 laeto
497 2834 560 2877 vota
572 2824 701 2902 tumultu,

95 2907 222 2966 Substitit
233 2908 356 2966 adductis
368 2918 480 2968 renuens
491 2898 635 2982 procedere
647 2911 742 2968 vinclis
