2010 3450
127 250 177 301 abo
473 244 590 296 ποτε.

166 369 228 432 652.
247 364 316 435 eccle]
333 361 553 428 Uexv11.253.
590 358 662 414 Aliis
673 361 728 414 telo.
744 361 834 434 (tet.)

165 458 226 508 661.
246 453 315 525 ante]
340 452 381 504 Sic
402 459 473 504 recte
496 449 550 503 Ed.
573 448 663 502 Parm.
684 459 712 501 et
735 451 940 506 &acen-ante

126 542 207 612 prius,
226 540 376 593 Pleonasm.
396 547 426 592 ut
442 538 470 590 in
483 540 596 591 Terent.
612 543 719 606 ‘neque
735 554 800 592 eum
816 549 876 593 ante
891 558 937 594 uss

131 647 210 698 quam
222 629 348 699 conspexi
362 626 457 698 prius!
476 628 552 681 Male
567 629 628 681 anri
642 646 691 699 pro
710 641 769 682 ante
779 630 807 683 in
819 631 934 701 scriptis,

133 717 207 770 Edd.
223 717 313 769 Andr.
326 717 421 786 Pomp.
439 727 466 768 et
479 717 565 768 Drak.

168 808 230 874 692.
249 816 358 857 avertam
376 821 430 856 non
442 805 577 868 advertam,
591 822 746 875 quanquam
754 806 846 860 invitis
856 807 941 879 scrip-

133 893 165 946 tis
177 893 284 962 reponit
297 891 500 965 Len—nempe,
513 913 543 947 ex
554 894 632 949 Italia
643 896 679 948 ad
689 895 763 950 sedes
775 899 881 968 patriae.

418 1163 535 1223 LIBER
553 1162 651 1222 xvtt.

167 1357 197 1397 v.
212 1350 237 1399 8.
257 1343 354 1419 Cybebe]
365 1345 541 1400 scribendum
553 1347 580 1400 in
593 1356 752 1409 recto-casu,
765 1361 821 1398 non
833 1355 940 1400 accusa*

134 1433 191 1488 tivo
198 1455 206 1500 ;
231 1438 370 1504 (monente
390 1436 483 1488 Barth.
498 1447 524 1490 et
542 1437 618 1504 Lef.)
642 1434 701 1487 Alii
716 1434 827 1506 Cybeben.
848 1434 942 1488 deinde

136 1531 231 1605 Cybebe,
245 1548 299 1584 non
313 1529 401 1601 Cybele.
417 1521 541 1595 (desnns
555 1522 677 1596 Κνβήβη)

172 1639 198 1687 9.
212 1618 337 1689 innocuus]
355 1615 471 1686 Antiqui
489 1625 642 1668 constanter
658 1618 767 1669 inomnis.
785 1613 940 1669 alibrariis:

137 1723 195 1774 quae
207 1722 262 1758 vox
274 1714 401 1774 corrupta
415 1702 483 1755 male
495 1713 597 1757 mutata
610 1703 661 1755 fuit
673 1704 700 1755 in
713 1700 867 1756 Mediolan.
880 1715 884 1722 '
896 1701 942 1755 ubi

134 1794 279 1864 intrepidus.
311 1793 385 1847 Aliis
403 1790 596 1846 recentioribus
615 1793 641 1843 e'n
659 1792 769 1861 trepides.
807 1793 942 1858 Jamvero

135 1885 247 1937 innocuus
267 1894 315 1948 est,
338 1883 443 1952 dequo
461 1881 555 1934 Livius
574 1880 611 1932 ait
625 1880 836 1945 ‘judicaverunt
847 1879 875 1931 in
888 1887 943 1931 tota
974 1893 977 1909 ¹

135 1970 244 2025 civitate
254 1970 345 2023 virum
354 1971 490 2024 bonorum
502 1969 636 2038 optimum
648 1965 727 2020 esse.’
742 1967 833 2040 (Les.)

171 2079 197 2128 9.
217 2060 331 2131 censente]
350 2059 434 2112 Recte
452 2057 546 2109 Heins.
567 2068 597 2111 ut
608 2058 788 2128 judicaverunt
805 2055 835 2110 in
853 2055 939 2109 Livio.

136 2146 208 2201 Aliis
219 2148 320 2212 cedente,
333 2148 433 2212 sedente,
447 2148 577 2199 accedente.
595 2144 684 2214 (Lef.)

171 2255 214 2301 42.
235 2238 319 2308 aures]
343 2255 420 2289 auras
439 2235 518 2306 vulg.¹
563 2234 614 2287 Sed
635 2234 724 2288 codd.
750 2235 803 2289 Ox.
828 2244 854 2287 et
878 2234 940 2286 Pus.

136 2328 214 2381 aures.
235 2322 388 2394 frequenter
399 2325 441 2378 hae
453 2341 534 2378 voces
547 2323 762 2378 confunduntur.

174 2432 217 2481 77.
236 2416 345 2486 missique
355 2414 492 2485 minantur]
512 2425 616 2483 nempe,
637 2409 739 2465 homines
757 2414 832 2466 missi.
864 2414 940 2467 Hunc

139 2502 197 2557 Silii
210 2502 301 2555 locum
314 2502 424 2572 pessime
438 2502 542 2570 excepit
555 2491 822 2553 Drak.-Idi0tismd
835 2515 888 2552 non
900 2498 940 2551 in·

138 2590 247 2644 tellecto
266 2590 396 2659 scriptum
408 2599 435 2642 et
447 2591 550 2643 editum
565 2588 617 2642 fuit
633 2590 756 2642 minentur
772 2587 800 2640 in
818 2587 938 2657 antiquis.

138 2679 209 2732 Hinc
224 2678 326 2731 occasio
341 2679 476 2732 Nicandro
488 2688 593 2732 textum
601 2676 781 2730 adulterandi.
811 2679 878 2730 Haec
888 2687 941 2730 acta

136 2765 165 2820 in
179 2766 274 2824 Sicilia.
296 2766 352 2821 vid.
365 2767 426 2820 Liv.
440 2768 549 2820 XXIX.
563 2785 605 2831 24.
626 2765 717 2836 (Lef.)
732 2762 821 2818 Drak.
837 2763 941 2835 sitfidus

136 2867 159 2908 et
170 2857 251 2908 e'ctnn.
271 2858 347 2909 Tum
359 2873 386 2909 v.
402 2863 445 2925 78.
458 2857 534 2912 abest
545 2874 561 2912 a
573 2856 636 2910 Put.
649 2855 740 2909 etOx.
766 2852 874 2910 Primus
881 2851 939 2906 vul·

135 2942 208 3012 gavit
221 2943 363 2998 Nicander.
