2010 3450
305 283 394 324 tutu
412 284 492 325 stru·
528 287 558 326 V·
574 286 721 340 115-1445
863 292 912 346 299

111 385 274 440 Castrorum
286 388 408 454 flammis,
420 400 447 442 et
459 406 486 443 se
498 389 628 445 velamine
640 390 717 446 nullo

111 474 166 527 Vix
178 475 249 529 inter
258 477 374 548 trepidas
385 486 507 548 ereptum
519 495 553 532 ex
565 480 641 533 hoste
653 490 772 533 catervas
951 546 954 553 .

110 564 262 619 Frendebat
270 565 403 619 minitans.
424 567 469 620 sed
479 567 552 620 enim
564 585 616 621 non
628 568 689 622 luce
699 567 857 639 Syphacem,

109 653 167 706 Nec
179 651 252 705 claro
263 653 379 722 potuisse
390 653 443 718 die,
454 670 502 708 nec
516 654 570 708 sole
582 666 683 722 tuente,

109 741 139 792 A
151 757 286 811 quoquam
301 741 382 796 vinci.
400 740 519 810 Jactsrat
529 742 591 798 talia
599 760 706 797 vecors:

108 828 162 880 Sed
171 828 228 892 jam
236 828 376 884 claudebat
389 830 478 895 flatus,
491 847 540 884 nec
552 829 631 902 plura
643 832 744 886 sinebat

107 917 245 984 Atropos3
265 928 293 971 et
302 918 412 972 tumidae
426 929 604 991 properantur
616 920 728 973 stamina
740 918 849 990 linguas.

108 1004 244 1074 Namque,
258 1005 306 1058 ubi
319 1005 442 1074 prosiluit
454 1006 555 1072 castris,
568 1024 617 1062 ceu
628 1007 752 1060 turbidus
762 1006 856 1070 amnis,

106 1091 174 1166 Qui,
188 1091 268 1145 silvas
278 1110 309 1146 ac
320 1109 384 1148 saxa
395 1091 513 1158 trahent,
527 1093 663 1163 perderis
674 1108 793 1163 praeceps

104 1178 244 1243 Volvitur,
256 1188 284 1232 et
295 1180 366 1250 ripas
378 1181 512 1250 spumanti
524 1181 630 1252 gurgite
640 1179 723 1242 laxat,
777 1206 786 1219 ·

104 1266 181 1320 Ante
193 1281 285 1319 omnes
296 1277 447 1337 praevectus
457 1282 536 1336 equo,
550 1266 631 1319 trahit
642 1266 749 1337 agmina
760 1282 837 1321 voce.

105 1352 211 1406 Contra
220 1369 290 1406 nava
301 1369 396 1408 manus
407 1353 514 1419 Rutuli,
527 1355 666 1424 celsusque
675 1353 770 1407 ruebat
838 1415 839 1419 Ἰ

105 1440 171 1493 Viso
185 1456 247 1511 rege
258 1440 354 1510 procul
366 1441 448 1512 raptis
460 1443 591 1495 exercitus
602 1439 692 1495 armis.

104 1530 150 1583 Ac
161 1528 210 1581 sibi
221 1528 309 1599 quisq3
323 1529 455 1583 Videsnet
470 1529 588 1596 videsne,
602 1539 633 1582 ut
645 1529 673 1582 in
685 1530 790 1600 agmine
802 1529 890 1602 primo

103 1616 242 1686 Massylus
250 1615 355 1683 volitet,
369 1616 514 1688 deposcens
526 1618 630 1689 proelia,
643 1627 747 1671 rectori

103 1706 156 1758 Fac
168 1715 290 1758 nostntm
301 1704 361 1770 hoc,
375 1721 433 1759 mea
445 1706 549 1771 dextra,
561 1707 652 1759 decus.
672 1705 792 1760 Violavit
803 1715 830 1762 et
843 1722 901 1762 aras

104 1791 280 1858 Coelicoldm‚
295 1803 322 1846 et
333 1793 399 1847 casti
410 1795 530 1848 ductoris
542 1793 644 1848 foedera
655 1795 738 1865 rupit.
826 1806 834 1819 ‘

102 1881 142 1934 Sit
153 1880 215 1933 satis
226 1880 298 1935 hunc
309 1882 401 1935 castris
412 1881 493 1936 semel
502 1881 626 1952 effugisse
638 1883 770 1938 crematis.

102 1967 146 2022 Sic
157 1985 248 2022 secum
259 1968 341 2034 taciti,
355 1980 382 2023 et
393 1970 515 2023 certatim
526 1970 628 2040 spicula
636 1970 763 2025 fundunt.

100 2061 192 2115 Prima
202 2061 229 2115 in
242 2062 390 2132 cornipedis
402 2062 470 2115 sedit
482 2062 643 2132 spirantibus
654 2065 745 2134 ignem
768 2105 770 2111 .

98 2150 218 2206 Naribus
230 2150 306 2204 hasta
313 2151 418 2216 volans,
432 2150 571 2220 erexitque
583 2167 629 2203 ore
640 2160 752 2204 cruento

100 2239 321 2315 Qadrupedem‚
334 2238 409 2292 elatis
421 2238 572 2310 pulsantem
582 2237 701 2292 calcibus
711 2255 800 2292 auras.

100 2329 212 2383 Corruit
223 2345 300 2399 asper
311 2346 405 2400 equus,
418 2328 574 2399 confixaque
585 2330 694 2400 cuspide
706 2330 826 2392 membra

99 2420 161 2473 Huc
173 2418 237 2473 illuc
246 2420 359 2486 jactans,
373 2428 504 2472 rectorem
517 2418 634 2490 prodidit
644 2418 725 2473 hosti.

97 2507 245 2573 Invadunt,
258 2524 412 2579 vanumque
424 2509 505 2579 fugae,
518 2520 597 2576 atque
607 2509 730 2563 attollere
741 2508 824 2561 fessos

98 2595 278 2649 Annitentem
285 2607 369 2662 artus,
382 2606 506 2651 revocato
518 2613 534 2649 a
544 2595 657 2650 vulnere
668 2596 732 2662 telo,

98 2681 273 2752 Corripiunt:
293 2694 353 2736 turn
363 2683 453 2737 vincla
463 2685 523 2738 viro
535 2683 697 2752 manicaeque
711 2681 894 2760 (pudendum)

97 2769 211 2834 Addita,
224 2780 260 2836 et,
274 2772 428 2842 exemplum
441 2790 494 2826 non
507 2789 628 2842 unquam
638 2771 720 2826 fidere
730 2770 810 2840 laetisa

98 2859 272 2929 Sceptriferas
283 2870 341 2914 arta
352 2860 453 2931 palmas
465 2861 576 2915 vinxere
587 2870 689 2916 catena.

99 2952 217 3012 Ducitur
228 2969 263 3008 ex
275 2953 330 3013 alto
341 2952 459 3020 dejectus
470 2952 587 3011 culmine
599 2949 684 3026 regni,
