2010 3450
448 287 557 329 uon-n.
856 290 905 344 ²5⁷

98 397 201 452 Eadem
218 397 302 450 verba
315 395 361 450 dat
380 393 474 450 Infeb.
497 403 601 449 mutata
618 395 704 450 solum
722 393 899 449 distinctione.

133 503 194 554 397.
208 487 278 538 Tres
290 483 318 537 hi
328 499 421 535 versus
431 482 535 536 uncinis
547 483 641 537 inclusi
652 483 679 536 in
692 483 769 536 nullo
779 494 903 538 veterum

96 584 212 629 exstant.
228 573 347 642 primum
359 571 386 624 in
398 571 509 639 Juntina
517 581 736 643 comparuerunt.

131 671 193 729 ⁶30·
212 680 286 714 omnes
297 660 450 730 legendum,
464 677 517 713 non
531 662 613 727 omnis,
629 664 765 729 (monente
778 658 902 726 Heinsio)

97 763 125 805 et
137 751 174 805 sic
187 749 247 802 Lef.

131 844 194 905 647.
213 838 308 908 ueniat]
327 836 368 889 Sic
381 837 415 889 C.
432 837 494 890 Col.
508 838 561 891 Ed.
576 837 767 908 Pomp-Alii
777 837 862 891 veniet.

134 947 195 998 725.
211 929 297 982 Drak.
318 929 426 1000 sagitta.
455 929 513 981 Nos
534 927 623 998 potius
644 945 707 981 cum
727 925 788 979 Les.
810 924 905 997 sagitta

98 1018 298 1093 praeferendum
308 1017 445 1069 duximus.

134 1112 195 1174 763.
215 1108 284 1179 tunc]
303 1106 470 1161 eodd.1>ut.
489 1115 517 1159 et
534 1105 749 1160 Oxou-Drak.
763 1122 825 1159 cum
841 1104 903 1158 vul·

101 1196 168 1266 gatis
182 1207 240 1249 tum.
795 1224 798 1231 ,

396 1347 512 1408 UBER
530 1349 609 1408 XVI.

138 1478 166 1513 v.
181 1478 224 1526 27.
245 1461 308 1514 Post
319 1460 391 1514 hunc
403 1477 513 1513 versum
524 1458 618 1513 Lefeb.
628 1477 662 1526 34
674 1468 813 1530 sequentes
826 1474 841 1511 e
854 1459 904 1511 Pe-

103 1553 218 1606 trarchae
233 1553 351 1606 carmine
367 1552 463 1606 Africa
479 1552 581 1615 inserit,
601 1568 669 1621 quos
684 1549 712 1603 in
725 1549 823 1604 Codice
835 1549 907 1620 neg.-

102 1641 229 1696 biblioth.
243 1641 389 1712 descriptos
406 1639 519 1693 invenit.
557 1639 712 1711 Suspicatus
727 1640 771 1692 vir
788 1639 824 1692 cl.
845 1637 907 1690 Sili-

104 1747 162 1794 um,
181 1729 268 1783 adhuc
281 1730 334 1782 situ
345 1740 372 1782 et
379 1729 497 1782 tenebris
507 1745 675 1800 oppressum,
688 1726 910 1799 priusquamorbi

102 1816 222 1871 literario
239 1817 407 1883 innotuisset,
425 1818 514 1886 aliquo
526 1835 589 1872 casu
606 1819 633 1871 in
652 1834 746 1871 manus
758 1814 912 1870 Petrarchae

104 1906 237 1971 incidisse,
256 1907 302 1977 qui
311 1907 449 1961 morientis
457 1906 605 1960 orationem
618 1906 754 1976 Magonis,
776 1902 912 1957 nonnullis

106 1994 224 2060 mutatis,
239 1995 289 2047 sibi
300 1993 456 2059 vindicavit,
464 2010 566 2064 suoque
575 1993 690 2064 poemati
699 1981 801 2044 Africae
807 1992 857 2044 VI.
866 2007 909 2043 as·

107 2099 183 2136 suere
196 2100 249 2136 non
261 2093 301 2136 est
310 2083 422 2136 veritus.

175 2171 232 2237 Sed,
243 2183 367 2244 postquam
379 2172 452 2226 medio
454 2172 554 2243 juvenis
565 2173 632 2226 stetit
641 2188 734 2243 aquore
740 2179 840 2238 pronus,

178 2260 293 2314 Vulneris
300 2262 427 2314 increscens
435 2261 511 2325 dolor,
525 2271 548 2313 et
559 2261 650 2313 vicinia
662 2259 724 2312 dira

177 2350 267 2403 Morts's
277 2369 361 2422 agens,
372 2350 474 2403 stimulis
485 2349 625 2404 ardentibus
635 2359 706 2420 urget
715 2346 834 2398 anheluma
937 2377 938 2381 =

177 2436 230 2502 ltu,
241 2438 323 2491 videns
331 2439 433 2508 propius
444 2438 550 2507 supremi
558 2436 669 2507 temporis
680 2435 773 2497 huram,

177 2523 275 2592 Incipit,
290 2523 350 2576 heu!
367 2523 561 2596 qualissortunoe
571 2523 686 2576 terminus
692 2517 766 2573 alsa!

179 2611 257 2678 Quam
266 2611 326 2665 latis
338 2631 400 2664 nens
411 2632 472 2666 cuca
485 2611 565 2665 bonis!
572 2611 656 2682 furor
666 2617 839 2679 eccepotentum

180 2699 311 2769 Proecs'pt'ts'
317 2701 427 2772 gaudere
437 2702 502 2754 luco:
518 2711 596 2753 status
606 2700 647 2752 ille
655 2698 766 2768 procellis

180 2785 291 2856 Suhjucet
301 2788 447 2853 innumeris,
466 2787 574 2859 sedfinis
585 2788 621 2840 ad
627 2789 681 2840 alta
691 2785 778 2840 leuatis

181 2872 230 2936 En,
240 2891 318 2927 ruere.
338 2874 405 2927 Heu!
417 2875 541 2929 tremulum
548 2891 688 2946 magnorum
695 2871 782 2925 culmen
794 2869 914 2938 honnmn,

182 2958 285 3032 Spesque
295 2961 411 3018 boninum
412 2961 514 3034 fallax,
526 2972 549 3015 et
559 2963 640 3018 inanis
649 2959 807 3036 glun‘ufictis

219 3061 294 3103 VOL·
309 3063 344 3104 11.
524 3065 537 3102 ⁸
