2010 3450
143 282 193 332 142
363 279 454 319 tisun
473 279 527 319 xv.
564 275 591 316 r.
607 270 736 330 85—114.

46 414 49 422 ·
142 383 284 439 Sustulerit
295 385 378 451 Deus,
391 401 422 438 ac
434 384 558 437 sublimia
570 383 678 437 finxerit
689 380 751 438 ora't

143 474 214 527 Cum
226 475 349 542 pecudes,
361 473 533 543 volucrumq3
548 489 642 544 genus,
656 473 784 542 formasq;
797 473 926 543 ferarum,

143 565 256 633 Segnem
267 572 345 630 atque
357 562 511 616 obscoenam
524 561 620 632 passim
631 561 768 614 stravisset
778 560 804 614 in
816 562 916 616 alvmn.

142 652 189 704 Ad
201 650 292 703 laudes
302 649 433 721 genitum,
447 651 534 724 capiat
546 649 568 702 si
579 667 691 703 munera
703 650 807 704 Divtim
831 641 833 645 ¹

143 737 229 801 Felix,
241 738 275 790 ad
287 736 379 791 laudes
390 737 530 790 hominum
538 755 632 808 genus.
653 741 722 803 Huc,
737 757 794 810 age,
807 740 918 809 paulum
944 777 946 781 -

143 826 243 896 Aspice
256 830 317 894 (nec
331 826 410 897 longe
423 830 555 896 repetam)
569 828 649 880 modo
663 829 751 880 Roma
763 828 875 882 minanti
943 843 946 849 ·

142 916 234 983 Impar
246 913 362 979 Fidenae,
376 924 553 984 contentaque
565 931 683 968 crescere
695 915 779 986 asylo,

143 1011 207 1081 Qo
219 1023 275 1060 sese
285 1007 412 1060 extulerit
424 1006 540 1060 dextris:
561 1007 634 1059 idem
644 1008 740 1076 aspice,
754 1008 808 1061 late

142 1096 280 1149 Florentes
291 1096 427 1164 quondam
439 1094 519 1148 luxus
532 1113 597 1164 quas
612 1095 721 1148 verterit
729 1096 821 1149 urbes.

142 1185 250 1259 Qippe
262 1201 310 1237 nec
321 1185 360 1238 ira
372 1166 463 1237 D‘edm
472 1193 585 1247 tantum,
599 1200 648 1237 nec
659 1183 720 1247 tela,
734 1200 783 1238 nec
791 1184 890 1250 hostes,

143 1279 282 1347 Qantum
291 1271 346 1323 sola
358 1288 436 1325 noces
448 1271 543 1324 animis
554 1271 648 1340 illapsa
660 1270 801 1343 Voluptas.
849 1310 852 1314 ι

142 1364 265 1419 Ebrietas
278 1361 326 1414 tibi
338 1361 389 1414 fida
400 1375 499 1424 comes,
513 1360 562 1414 tibi
575 1360 678 1424 Luxus,
690 1369 717 1412 et
729 1359 794 1412 atris

143 1452 222 1505 Circa
233 1460 259 1502 te
272 1464 376 1517 semper
387 1447 501 1500 volitans
514 1446 628 1500 Infamia
640 1447 749 1516 pennis:

96 1519 101 1537 i
142 1541 255 1593 Mecum
267 1539 370 1600 Honor,
383 1553 414 1589 ac
421 1536 534 1600 Laudes,
547 1545 574 1588 et
586 1535 648 1587 laeto
659 1533 757 1588 Gloria
766 1533 857 1599 vultu,

141 1628 178 1681 Et
189 1627 289 1689 Decus,
303 1640 333 1678 ac
345 1624 428 1677 niveis
440 1625 560 1678 Victoria
570 1625 698 1678 concolor
709 1623 767 1677 alis.
819 1638 821 1643 ·

142 1716 192 1767 Me
203 1714 304 1767 cinctus
315 1713 391 1766 lauro
402 1712 528 1782 producit
539 1714 572 1766 ad
584 1725 655 1766 astra
666 1711 830 1782 triumphus.

142 1804 222 1857 Casta
233 1802 298 1855 mihi
310 1801 414 1866 domus,
428 1812 455 1854 et
466 1801 537 1855 celso
549 1813 619 1856 stant
632 1803 701 1856 colle
712 1812 839 1873 penates:

141 1891 238 1943 Ardua
250 1905 344 1942 saxoso
357 1888 479 1958 perducit
491 1889 585 1942 semita
595 1889 676 1943 clivo.

141 1978 232 2046 Asper
244 1974 372 2045 principio
386 1977 445 2046 (nec
455 1975 528 2028 enim
540 1976 603 2028 mihi
617 1976 709 2028 fallere
722 1993 780 2029 mos
792 1979 847 2044 est)

141 2062 316 2133 Prosequitur
327 2062 415 2115 labor.
434 2062 610 2116 annitendum
621 2063 720 2116 intrare
732 2062 851 2116 volenti:

141 2155 196 2207 Nec
207 2152 278 2205 bona
289 2151 460 2215 censendum,
475 2169 535 2218 quae
547 2154 613 2205 Fors
625 2151 706 2204 infida
716 2151 830 2217 dedisse,

140 2241 232 2306 Atque
242 2238 335 2290 eadem
346 2237 463 2307 rapuisse
474 2239 557 2291 valet.
577 2239 647 2291 Mox
660 2239 745 2291 celsus
760 2239 794 2292 ab
806 2239 863 2292 aito

89 2320 91 2323 ’
139 2325 216 2380 Infra
227 2335 254 2378 te
264 2341 356 2379 cernes
367 2323 506 2377 bominum
519 2342 611 2395 genus.
633 2325 733 2378 Omnia
745 2336 843 2378 contra

140 2413 311 2483 Experienda
320 2408 437 2475 manent,
451 2429 533 2481 quam
545 2415 657 2483 spondet
669 2413 769 2467 blanda
781 2413 926 2484 Voluptas·
944 2434 947 2439 ·

140 2502 272 2556 Stramine
284 2500 417 2570 projectus
430 2500 499 2552 duro
510 2502 610 2570 patiere
622 2502 672 2554 sub
684 2501 762 2554 astris

138 2591 277 2643 Insomnes
288 2599 386 2652 noctes,
396 2588 533 2658 frigusque
545 2589 693 2657 famemque
704 2589 836 2642 domabis.

138 2682 217 2735 Idem
226 2677 336 2743 justitiae
349 2677 446 2740 cultor,
461 2693 625 2744 quaecunque
638 2677 765 2747 capesses,

139 2769 236 2821 Testes
248 2763 380 2817 factorum
392 2773 461 2816 stare
473 2764 635 2817 arbitrabere
648 2765 743 2817 Divos.

138 2859 230 2919 Tunc,
243 2852 347 2922 quoties
358 2853 451 2922 patriae
461 2869 604 2923 rerumque
614 2853 732 2923 pericula
744 2863 865 2922 poscent,

140 2948 228 2998 Arma
238 2940 307 2994 seres
318 2938 435 3009 primus:
460 2938 561 3010 primus
574 2949 600 2993 te
612 2940 638 2991 in
651 2939 747 2996 moenia
758 2937 840 3007 tolles
