2010 3450
305 269 402 309 nrnrn
417 262 486 308 xvir
518 269 547 307 v.
563 259 710 321 235-264.
864 271 910 322 ¹7⁷

107 375 195 449 Scipio
206 373 345 430 contendit
357 372 469 445 Massyli
482 373 516 426 ad
528 373 621 427 limina
634 373 712 444 regis.
746 401 755 420 =.

106 463 151 518 Illi
162 480 221 516 mos
233 463 336 534 patrius
347 461 417 514 fetus
429 461 532 514 nutrire
541 461 659 527 leonum,

105 552 142 606 Et
152 552 248 607 catulis
259 549 361 604 rabiem
373 559 453 620 atque
465 551 517 603 iras
529 550 664 620 expellere
675 550 781 604 alendo.

104 639 181 696 Tum
193 656 302 710 quoque
314 638 390 693 fulva
402 656 485 692 manu
497 638 631 692 mulcebat
643 638 713 692 colla
721 639 862 708 jubasque,

105 729 141 782 Et
153 728 210 783 fera
221 728 353 782 tractabat
364 726 506 780 ludentum
518 725 656 781 interritus
668 745 725 780 ora.

104 811 275 872 Dardanium
286 824 428 884 postquam
439 815 581 868 ductorem
592 816 693 887 accepit
705 809 805 880 adesse,

104 904 230 958 Induitur
240 902 419 973 chlamydem,
432 903 560 973 regnique
571 902 674 973 insigne
685 905 784 958 vetusti

104 992 201 1045 Gestat
209 990 280 1045 laeva
291 990 387 1044 decus:
405 989 552 1060 cinguntur
563 1000 685 1060 tempora
696 992 764 1045 vitta

104 1077 234 1142 Albente,
247 1093 278 1130 ac
290 1076 367 1129 iaten'
378 1076 412 1129 de
424 1092 498 1128 more
510 1076 667 1147 astringitur
678 1078 758 1130 ensis.

103 1166 174 1221 Hine
184 1166 212 1220 in
224 1175 293 1220 tecta
304 1175 394 1229 vocat,
407 1164 566 1234 secretisque
578 1163 681 1217 aedibus
692 1164 787 1232 hospes

103 1252 271 1324 sceptrigero
283 1268 346 1305 cum
358 1266 420 1322 rege
432 1250 489 1321 pari
499 1250 548 1303 sub
557 1251 660 1304 honore
671 1251 801 1304 residunt.

101 1342 179 1395 Tum
189 1340 264 1412 prior
275 1339 317 1392 his
329 1339 387 1392 infit
399 1350 479 1392 terrae
488 1351 597 1409 pacator
609 1339 712 1392 lberaer

102 1429 193 1488 Prima
200 1429 277 1493 mihi,
290 1428 398 1482 domitis
410 1428 525 1498 Pyrenes
537 1428 671 1499 gentibus,
684 1427 723 1482 ire

102 1518 149 1572 Ad
159 1528 207 1572 tua
218 1534 302 1588 regna
313 1515 365 1572 fuit
377 1526 566 1587 properantem
579 1526 605 1569 et
618 1516 817 1583 maximiscum,

101 1606 233 1678 Osceptn'
246 1604 397 1658 venerande
410 1604 527 1674 Syphax.
547 1619 597 1658 nec
609 1620 651 1658 me
662 1621 770 1674 aequore
782 1622 869 1662 saevus

100 1692 234 1750 Tardavit
245 1693 334 1747 medio
346 1694 454 1763 pontus.
474 1695 535 1746 Non
548 1695 632 1748 ardua
643 1696 732 1766 regnis

102 1787 267 1860 Qaesumus
278 1791 324 1836 aut
336 1781 467 1836 inhonora
478 1782 545 1836 tuis:
565 1785 697 1857 conjunge
710 1785 810 1841 Latinis

100 1872 266 1927 Unanimum
277 1881 380 1942 pectus,
393 1871 532 1941 sociusque
544 1872 638 1927 accede
649 1876 780 1929 secundis.

99 1960 161 2014 Non
174 1957 224 2012 tibi
236 1957 365 2027 Massylae
375 1968 478 2028 gentes,
492 1969 652 2029 extentaque
664 1961 745 2015 tellus

99 2045 233 2118 Syrtibus,
246 2055 274 2099 et
285 2044 346 2099 latis
359 2045 481 2116 proavita
492 2047 610 2116 potentia
620 2049 721 2120 campis

99 2130 227 2204 Amplius
238 2129 377 2193 ¹attulerint
387 2129 500 2195 decoris,
515 2147 595 2197 quam
607 2131 724 2186 Romula
735 2133 822 2188 virtus

100 2219 182 2274 Certa
189 2219 283 2287 juncta
292 2217 353 2283 fide,
364 2227 391 2271 et
402 2217 496 2289 populi
509 2217 649 2271 Laurentis
660 2218 784 2275 honores.

100 2307 196 2362 Cetera
207 2305 274 2377 quid
286 2305 418 2360 referam?
435 2323 488 2363 non
502 2302 573 2360 ullus
584 2305 683 2360 scilicet
696 2305 745 2359 ulli

99 2394 207 2464 AEquus
219 2393 393 2458 Coelicolssm,
407 2393 452 2463 qui
461 2394 588 2447 Dardana
599 2392 696 2446 laeserit
707 2410 791 2448 arma.

98 2483 215 2538 Audiuit
227 2483 290 2537 laeto
303 2482 440 2552 Massylus
450 2492 477 2535 et
489 2482 582 2535 annuit
591 2496 648 2547 ore,

98 2571 317 2643 Complexusque
328 2571 427 2636 virum,
442 2570 592 2623 Firmemus
603 2587 740 2642 prospera,
752 2570 831 2639 dixit,

98 2659 204 2726 Omina,
217 2676 267 2714 nec
278 2658 350 2712 votis
362 2658 458 2730 Superi
469 2658 646 2712 concordibus
657 2659 754 2726 absint,

98 2746 333 2819 Cornigerumque
344 2748 442 2815 Jovem
452 2747 655 2818 Tarpeiumque
666 2764 713 2801 ore
725 2764 861 2804 vocemus.

97 2831 132 2886 Et
143 2833 223 2888 simul
235 2833 381 2891 exstructis
392 2849 482 2904 cespes
494 2845 646 2888 surrexerat
658 2836 725 2902 aris;

98 2916 265 2989 victimaque
276 2919 394 2982 admotae
403 2919 489 2976 stabat
500 2921 619 2987 subiecta
629 2921 748 2994 bipenni,

131 3023 204 3064 vot..
219 3024 255 3064 ιι.
520 3023 539 3061 u
