2010 3450
302 267 393 309 ursan
412 265 479 308 xvr.
517 269 546 306 v.
562 269 707 323 ²95-324·
861 272 909 325 ¹7⁹

103 371 198 428 Mente
211 373 299 428 favete
311 372 379 442 pari,
391 381 470 440 atque
479 389 557 426 aures
565 372 695 426 advertite
708 368 820 427 vestras.

105 462 222 534 Septima
233 478 296 516 cum
311 460 374 515 solis
387 462 560 514 renovabitur
571 461 659 514 orbita
670 462 749 528 eoelo,

103 550 212 628 Qique
224 551 305 604 armis
316 549 441 616 ferroque
454 547 554 613 valent,
568 548 668 619 quique
681 561 738 604 arte
750 551 859 622 regendi

104 639 289 712 Qadrijugos
300 637 403 708 pollent
414 653 520 700 currus,
535 635 595 704 quis
607 636 714 691 vincere
727 639 817 708 planta

102 726 166 794 Spes
179 733 230 788 est,
243 734 270 776 et
282 722 400 775 studium
408 722 504 788 jaculis
516 722 653 792 impellere
664 735 769 790 ventos,

102 812 213 876 Adsint,
226 821 253 864 et
265 809 388 881 pulchrae
400 819 502 863 certent
513 810 547 862 de
560 809 638 863 laude
650 829 768 865 coronae.

102 897 217 952 Praemia
227 898 310 969 digna
321 897 402 962 dabo,
415 913 430 949 e
443 896 528 965 Tyria
540 897 624 966 spolia
636 898 728 953 inclita
738 899 844 970 praeda:

100 987 157 1041 Nec
166 985 310 1057 quisquam
322 985 406 1037 nostri
417 982 534 1036 discedet
546 985 664 1038 muneris
675 1002 780 1056 expers.
847 1033 850 1039 .

101 1072 144 1128 Sic
156 1073 233 1126 donis
245 1071 361 1142 vulgum
371 1072 536 1142 laudumque
548 1071 674 1142 cupidine
687 1073 816 1127 flammat.

98 1163 214 1230 Jamque
225 1161 282 1214 dies
294 1160 422 1230 praedicta
432 1160 532 1224 aderat,
546 1170 671 1228 coetuque
683 1162 791 1215 sonabat

100 1252 249 1303 Innumero
262 1266 383 1320 campus,
398 1247 588 1318 simulatasque
599 1248 692 1301 ordine
701 1251 775 1314 justo

103 1336 255 1407 Exsequias
268 1346 357 1391 rector
368 1335 484 1389 lacrimis
496 1336 610 1389 ducebat
622 1336 733 1388 obortis.

101 1425 200 1478 Omnis
213 1424 286 1489 Iber,
300 1423 388 1476 omnis
399 1423 474 1475 Iatio
487 1423 537 1476 sub
550 1423 657 1475 nomine
669 1422 745 1476 miles

102 1513 183 1568 Dona
195 1511 296 1577 ferunt,
311 1510 476 1580 tumulisque
488 1527 569 1581 super
581 1511 756 1581 flagrantibus
767 1511 879 1566 addunt.

98 1602 171 1671 Ipse,
185 1611 278 1653 tenens
290 1617 363 1654 nunc
375 1599 453 1664 lacte,
469 1616 542 1652 sacro
554 1616 625 1652 nunc
637 1599 716 1670 plena
727 1599 809 1669 Lyaeo

99 1688 209 1754 Pocula,
223 1689 366 1743 odoriferis
376 1688 493 1758 aspergit
506 1687 619 1741 floribus
628 1706 698 1744 aras.

98 1779 177 1832 Tum
188 1793 278 1831 manes
290 1788 370 1831 vocat
382 1776 493 1841 excitos,
506 1775 651 1846 laudesque
663 1776 785 1830 virorum
798 1796 801 1803 ·
814 1770 815 1776 ¹

99 1866 173 1919 Cum
187 1866 252 1919 fletu
264 1865 346 1929 canit,
359 1875 386 1917 et
398 1874 542 1918 veneratur
554 1863 623 1918 facta
631 1866 778 1931 jacentum.

97 1953 167 2009 lude
178 1951 261 2006 refert
272 1969 328 2005 sese
341 1952 431 2016 Circo,
445 1961 472 2004 et
482 1951 627 2017 certamina
638 1953 726 2023 prima

97 2040 221 2106 Inchoat,
234 2050 262 2093 et
274 2039 380 2112 rapidos
393 2057 486 2093 cursus
498 2040 624 2111 proponit
632 2057 775 2113 equorum.

98 2129 226 2183 Fluctuat
237 2145 365 2201 aequoreo
375 2128 487 2183 fremitu
497 2129 624 2199 rabieque
635 2129 784 2196 fauentum,

99 2217 262 2273 carceribus
275 2219 396 2273 nondum
408 2217 539 2282 reseratis,
552 2217 651 2272 mobile
662 2218 772 2290 vulgus,

99 2310 195 2380 Atque
207 2307 280 2362 fores
291 2307 378 2363 oculis
389 2317 416 2359 et
427 2307 520 2360 limina
531 2318 619 2359 servat
631 2323 774 2376 equorum.

97 2396 221 2464 Jamque,
239 2395 286 2448 ubi
300 2393 403 2464 prolato
417 2411 528 2449 sonuere
541 2394 668 2465 repagula
679 2394 765 2465 signo,

99 2483 137 2536 Et
149 2494 207 2537 toto
220 2483 428 2555 prima·emicuit
439 2483 487 2535 vix
499 2483 600 2554 ungula
609 2499 705 2547 cornu,

97 2569 220 2625 Tollitur
233 2572 261 2624 in
273 2571 375 2625 coelum
387 2571 477 2625 furiali
493 2571 600 2625 turbine
612 2571 724 2635 clamor.

97 2658 243 2732 Pronique,
257 2676 288 2713 ac
300 2658 399 2713 similes
410 2659 583 2725 certantibus,
596 2677 643 2715 ore
656 2670 806 2730 sequuntur
890 2715 893 2723 ,

99 2747 222 2823 Qisque
234 2765 296 2802 suos
307 2764 412 2813 currus,
426 2764 574 2818 magnaque
584 2747 739 2809 volantibus
747 2748 823 2811 idem

96 2834 170 2888 Voce
181 2836 334 2906 loquuntur
344 2835 429 2905 equis.
450 2837 580 2907 Qatitur
592 2835 734 2898 certamine
746 2837 841 2897 Circus

98 2920 268 2988 certantum,
282 2938 313 2977 ac
325 2922 393 2977 nulli
403 2932 520 2979 mentem
532 2941 588 2986 non
598 2921 708 2984 abstulit
716 2925 808 2986 ardor.
883 2978 886 2983 ,
911 2953 915 2960 ·
