<?xml version="1.0" encoding="UTF-8"?>
<!DOCTYPE html PUBLIC "-//W3C//DTD XHTML 1.0 Transitional//EN"
    "http://www.w3.org/TR/xhtml1/DTD/xhtml1-transitional.dtd">
<html xmlns="http://www.w3.org/1999/xhtml" xml:lang="en" lang="en">
 <head>
  <title>
</title>
<meta http-equiv="Content-Type" content="text/html;charset=utf-8" />
  <meta name='ocr-system' content='tesseract 3.04.00' />
  <meta name='ocr-capabilities' content='ocr_page ocr_carea ocr_par ocr_line ocrx_word'/>
</head>
<body>
  <div class='ocr_page' id='page_1' title='image "./cajisiliiitalic00unkngoog_0106.png"; bbox 0 0 2010 3450; ppageno 0'>
   <div class='ocr_carea' id='block_1_1' title="bbox 276 289 881 342">
    <p class='ocr_par' dir='ltr' id='par_1_1' title="bbox 276 289 881 342">
     <span class='ocr_line' id='line_1_1' title="bbox 276 289 881 342; baseline -0.015 -10"><span class='ocrx_word' id='word_1_1' title='bbox 276 290 368 332; x_wconf 75' lang='lat' dir='ltr'>stare</span> <span class='ocrx_word' id='word_1_2' title='bbox 386 289 457 330; x_wconf 76' lang='lat' dir='ltr'>xtra.</span> <span class='ocrx_word' id='word_1_3' title='bbox 495 292 526 330; x_wconf 86' lang='lat' dir='ltr'>v.</span> <span class='ocrx_word' id='word_1_4' title='bbox 539 292 689 342; x_wconf 62' lang='lat' dir='ltr'>474—503s</span> <span class='ocrx_word' id='word_1_5' title='bbox 783 313 785 322; x_wconf 93' lang='lat'><em>.</em></span> <span class='ocrx_word' id='word_1_6' title='bbox 849 291 881 342; x_wconf 76' lang='lat'>97</span> 
     </span>
    </p>
   </div>
   <div class='ocr_carea' id='block_1_2' title="bbox 55 392 873 3099">
    <p class='ocr_par' dir='ltr' id='par_1_2' title="bbox 72 392 683 469">
     <span class='ocr_line' id='line_1_2' title="bbox 72 392 683 469; baseline -0.013 -16"><span class='ocrx_word' id='word_1_7' title='bbox 72 395 206 469; x_wconf 82' lang='lat' dir='ltr'>Hyrcanis</span> <span class='ocrx_word' id='word_1_8' title='bbox 217 392 346 449; x_wconf 86' lang='lat' dir='ltr'>adhibere</span> <span class='ocrx_word' id='word_1_9' title='bbox 357 411 444 449; x_wconf 85' lang='lat' dir='ltr'>canes.</span> <span class='ocrx_word' id='word_1_10' title='bbox 464 394 595 465; x_wconf 87' lang='lat' dir='ltr'>AEgyptia</span> <span class='ocrx_word' id='word_1_11' title='bbox 603 393 683 448; x_wconf 87' lang='lat' dir='ltr'>telius</span> 
     </span>
    </p>

    <p class='ocr_par' dir='ltr' id='par_1_3' title="bbox 70 483 656 556">
     <span class='ocr_line' id='line_1_3' title="bbox 70 483 656 556; baseline -0.01 -14"><span class='ocrx_word' id='word_1_12' title='bbox 70 484 183 541; x_wconf 83' lang='lat' dir='ltr'>claudit</span> <span class='ocrx_word' id='word_1_13' title='bbox 194 485 309 539; x_wconf 84' lang='lat' dir='ltr'>odorato</span> <span class='ocrx_word' id='word_1_14' title='bbox 321 495 381 556; x_wconf 91' lang='lat' dir='ltr'>post</span> <span class='ocrx_word' id='word_1_15' title='bbox 392 484 474 538; x_wconf 88' lang='lat' dir='ltr'>funus</span> <span class='ocrx_word' id='word_1_16' title='bbox 485 483 580 537; x_wconf 86' lang='lat' dir='ltr'>stantia</span> <span class='ocrx_word' id='word_1_17' title='bbox 591 500 656 536; x_wconf 85' lang='lat' dir='ltr'>saxo</span> 
     </span>
    </p>

    <p class='ocr_par' dir='ltr' id='par_1_4' title="bbox 69 566 873 645">
     <span class='ocr_line' id='line_1_4' title="bbox 69 566 873 645; baseline -0.007 -16"><span class='ocrx_word' id='word_1_18' title='bbox 69 577 205 645; x_wconf 83' lang='lat' dir='ltr'>Corpora,</span> <span class='ocrx_word' id='word_1_19' title='bbox 212 583 241 627; x_wconf 89' lang='lat' dir='ltr'>et</span> <span class='ocrx_word' id='word_1_20' title='bbox 249 591 265 627; x_wconf 90' lang='lat' dir='ltr'>a</span> <span class='ocrx_word' id='word_1_21' title='bbox 272 572 369 626; x_wconf 84' lang='lat' dir='ltr'><strong>mensis</strong></span> <span class='ocrx_word' id='word_1_22' title='bbox 377 588 539 644; x_wconf 76' lang='lat' dir='ltr'>exsanguem</span> <span class='ocrx_word' id='word_1_23' title='bbox 548 572 621 625; x_wconf 86' lang='lat' dir='ltr'>haud</span> <span class='ocrx_word' id='word_1_24' title='bbox 629 578 732 641; x_wconf 84' lang='lat' dir='ltr'>separat</span> <span class='ocrx_word' id='word_1_25' title='bbox 740 566 873 634; x_wconf 86' lang='lat' dir='ltr'>umbram,</span> 
     </span>
    </p>

    <p class='ocr_par' dir='ltr' id='par_1_5' title="bbox 67 658 695 718">
     <span class='ocr_line' id='line_1_5' title="bbox 67 658 695 718; baseline -0.013 0"><span class='ocrx_word' id='word_1_26' title='bbox 67 664 210 718; x_wconf 83' lang='lat' dir='ltr'>Exhausto</span> <span class='ocrx_word' id='word_1_27' title='bbox 221 660 337 714; x_wconf 87' lang='lat' dir='ltr'>instituit</span> <span class='ocrx_word' id='word_1_28' title='bbox 348 661 450 714; x_wconf 79' lang='lat' dir='ltr'>Pontus</span> <span class='ocrx_word' id='word_1_29' title='bbox 460 675 574 712; x_wconf 86' lang='lat' dir='ltr'>vacuare</span> <span class='ocrx_word' id='word_1_30' title='bbox 585 658 695 711; x_wconf 89' lang='lat' dir='ltr'>cerebro</span> 
     </span>
    </p>

    <p class='ocr_par' dir='ltr' id='par_1_6' title="bbox 65 745 803 818">
     <span class='ocr_line' id='line_1_6' title="bbox 65 745 803 818; baseline -0.011 -14"><span class='ocrx_word' id='word_1_31' title='bbox 65 752 123 804; x_wconf 88' lang='lat' dir='ltr'>Ora</span> <span class='ocrx_word' id='word_1_32' title='bbox 133 749 237 814; x_wconf 82' lang='lat' dir='ltr'>viriim,</span> <span class='ocrx_word' id='word_1_33' title='bbox 247 758 274 800; x_wconf 91' lang='lat' dir='ltr'>et</span> <span class='ocrx_word' id='word_1_34' title='bbox 285 747 398 818; x_wconf 87' lang='lat' dir='ltr'>longum</span> <span class='ocrx_word' id='word_1_35' title='bbox 409 747 538 800; x_wconf 90' lang='lat' dir='ltr'>medicata</span> <span class='ocrx_word' id='word_1_36' title='bbox 549 745 653 814; x_wconf 85' lang='lat' dir='ltr'>reponit</span> <span class='ocrx_word' id='word_1_37' title='bbox 664 745 691 798; x_wconf 91' lang='lat' dir='ltr'>in</span> <span class='ocrx_word' id='word_1_38' title='bbox 704 761 803 798; x_wconf 84' lang='lat' dir='ltr'>aevum.</span> 
     </span>
    </p>

    <p class='ocr_par' dir='ltr' id='par_1_7' title="bbox 63 835 704 911">
     <span class='ocr_line' id='line_1_7' title="bbox 63 835 704 911; baseline -0.009 -20"><span class='ocrx_word' id='word_1_39' title='bbox 63 839 150 911; x_wconf 79' lang='lat' dir='ltr'>Qud,</span> <span class='ocrx_word' id='word_1_40' title='bbox 165 837 211 906; x_wconf 89' lang='lat' dir='ltr'>qui</span> <span class='ocrx_word' id='word_1_41' title='bbox 220 835 327 889; x_wconf 88' lang='lat' dir='ltr'>reclusa</span> <span class='ocrx_word' id='word_1_42' title='bbox 338 835 423 887; x_wconf 89' lang='lat' dir='ltr'>nudos</span> <span class='ocrx_word' id='word_1_43' title='bbox 435 836 612 888; x_wconf 86' lang='lat' dir='ltr'>Garamantes</span> <span class='ocrx_word' id='word_1_44' title='bbox 623 850 704 886; x_wconf 88' lang='lat' dir='ltr'>arena</span> 
     </span>
    </p>

    <p class='ocr_par' dir='ltr' id='par_1_8' title="bbox 62 919 734 992">
     <span class='ocr_line' id='line_1_8' title="bbox 62 919 734 992; baseline -0.007 -15"><span class='ocrx_word' id='word_1_45' title='bbox 62 923 227 979; x_wconf 81' lang='lat' dir='ltr'>Infodiunt?</span> <span class='ocrx_word' id='word_1_46' title='bbox 244 921 320 992; x_wconf 89' lang='lat' dir='ltr'>quid,</span> <span class='ocrx_word' id='word_1_47' title='bbox 334 920 381 991; x_wconf 91' lang='lat' dir='ltr'>qui</span> <span class='ocrx_word' id='word_1_48' title='bbox 393 938 464 974; x_wconf 85' lang='lat' dir='ltr'>saevo</span> <span class='ocrx_word' id='word_1_49' title='bbox 477 919 587 990; x_wconf 90' lang='lat' dir='ltr'>sepelire</span> <span class='ocrx_word' id='word_1_50' title='bbox 599 919 734 988; x_wconf 88' lang='lat' dir='ltr'>profundo</span> 
     </span>
    </p>

    <p class='ocr_par' dir='ltr' id='par_1_9' title="bbox 62 1007 844 1080">
     <span class='ocr_line' id='line_1_9' title="bbox 62 1007 844 1080; baseline -0.001 -14"><span class='ocrx_word' id='word_1_51' title='bbox 62 1013 211 1067; x_wconf 80' lang='lat' dir='ltr'>Exanimos</span> <span class='ocrx_word' id='word_1_52' title='bbox 224 1010 353 1064; x_wconf 83' lang='lat' dir='ltr'>mandant</span> <span class='ocrx_word' id='word_1_53' title='bbox 365 1009 472 1080; x_wconf 87' lang='lat' dir='ltr'>Libycis</span> <span class='ocrx_word' id='word_1_54' title='bbox 484 1012 648 1063; x_wconf 86' lang='lat' dir='ltr'>Nasamones</span> <span class='ocrx_word' id='word_1_55' title='bbox 658 1008 686 1062; x_wconf 91' lang='lat' dir='ltr'>in</span> <span class='ocrx_word' id='word_1_56' title='bbox 698 1007 768 1062; x_wconf 75' lang='lat' dir='ltr'>oris?</span> <span class='ocrx_word' id='word_1_57' title='bbox 841 1057 844 1065; x_wconf 87' lang='lat'>.</span> 
     </span>
    </p>

    <p class='ocr_par' dir='ltr' id='par_1_10' title="bbox 63 1097 703 1169">
     <span class='ocr_line' id='line_1_10' title="bbox 63 1097 703 1169; baseline -0.009 -14"><span class='ocrx_word' id='word_1_58' title='bbox 63 1103 103 1155; x_wconf 82' lang='lat' dir='ltr'>At</span> <span class='ocrx_word' id='word_1_59' title='bbox 116 1101 204 1155; x_wconf 80' lang='lat' dir='ltr'>Celtae</span> <span class='ocrx_word' id='word_1_60' title='bbox 217 1099 296 1154; x_wconf 88' lang='lat' dir='ltr'>vacui</span> <span class='ocrx_word' id='word_1_61' title='bbox 303 1099 398 1169; x_wconf 88' lang='lat' dir='ltr'>capitis</span> <span class='ocrx_word' id='word_1_62' title='bbox 409 1098 575 1152; x_wconf 89' lang='lat' dir='ltr'>circumdare</span> <span class='ocrx_word' id='word_1_63' title='bbox 587 1097 703 1168; x_wconf 88' lang='lat' dir='ltr'>gaudent</span> 
     </span>
    </p>

    <p class='ocr_par' dir='ltr' id='par_1_11' title="bbox 63 1185 768 1259">
     <span class='ocr_line' id='line_1_11' title="bbox 63 1185 768 1259; baseline -0.009 -16"><span class='ocrx_word' id='word_1_64' title='bbox 63 1191 130 1243; x_wconf 84' lang='lat' dir='ltr'>Ossa</span> <span class='ocrx_word' id='word_1_65' title='bbox 143 1188 248 1259; x_wconf 85' lang='lat' dir='ltr'>(nefas)</span> <span class='ocrx_word' id='word_1_66' title='bbox 261 1204 338 1251; x_wconf 90' lang='lat' dir='ltr'>auro,</span> <span class='ocrx_word' id='word_1_67' title='bbox 352 1204 381 1240; x_wconf 89' lang='lat' dir='ltr'>ac</span> <span class='ocrx_word' id='word_1_68' title='bbox 393 1187 490 1240; x_wconf 90' lang='lat' dir='ltr'>mensis</span> <span class='ocrx_word' id='word_1_69' title='bbox 501 1203 533 1239; x_wconf 92' lang='lat' dir='ltr'>ea</span> <span class='ocrx_word' id='word_1_70' title='bbox 544 1185 640 1256; x_wconf 88' lang='lat' dir='ltr'>pocula</span> <span class='ocrx_word' id='word_1_71' title='bbox 650 1194 768 1245; x_wconf 86' lang='lat' dir='ltr'>servant.</span> 
     </span>
    </p>

    <p class='ocr_par' dir='ltr' id='par_1_12' title="bbox 63 1274 776 1348">
     <span class='ocr_line' id='line_1_12' title="bbox 63 1274 776 1348; baseline -0.01 -16"><span class='ocrx_word' id='word_1_72' title='bbox 63 1276 272 1348; x_wconf 83' lang='lat' dir='ltr'>Cecropidaeob</span> <span class='ocrx_word' id='word_1_73' title='bbox 285 1274 398 1344; x_wconf 89' lang='lat' dir='ltr'>patriam</span> <span class='ocrx_word' id='word_1_74' title='bbox 410 1274 547 1327; x_wconf 89' lang='lat' dir='ltr'>Mavortis</span> <span class='ocrx_word' id='word_1_75' title='bbox 559 1283 631 1327; x_wconf 88' lang='lat' dir='ltr'>sorte</span> <span class='ocrx_word' id='word_1_76' title='bbox 643 1283 776 1343; x_wconf 86' lang='lat' dir='ltr'>peremtos</span> 
     </span>
    </p>

    <p class='ocr_par' dir='ltr' id='par_1_13' title="bbox 62 1362 737 1420">
     <span class='ocr_line' id='line_1_13' title="bbox 62 1362 737 1420; baseline -0.007 0"><span class='ocrx_word' id='word_1_77' title='bbox 62 1366 217 1420; x_wconf 86' lang='lat' dir='ltr'>Decrevere</span> <span class='ocrx_word' id='word_1_78' title='bbox 231 1362 310 1416; x_wconf 85' lang='lat' dir='ltr'>simul</span> <span class='ocrx_word' id='word_1_79' title='bbox 324 1363 510 1415; x_wconf 90' lang='lat' dir='ltr'>communibus</span> <span class='ocrx_word' id='word_1_80' title='bbox 522 1379 601 1415; x_wconf 92' lang='lat' dir='ltr'>urere</span> <span class='ocrx_word' id='word_1_81' title='bbox 613 1362 737 1415; x_wconf 89' lang='lat' dir='ltr'>flammis.</span> 
     </span>
    </p>

    <p class='ocr_par' dir='ltr' id='par_1_14' title="bbox 62 1450 732 1525">
     <span class='ocr_line' id='line_1_14' title="bbox 62 1450 732 1525; baseline -0.004 -18"><span class='ocrx_word' id='word_1_82' title='bbox 62 1454 103 1507; x_wconf 80' lang='lat' dir='ltr'>At</span> <span class='ocrx_word' id='word_1_83' title='bbox 113 1462 196 1525; x_wconf 86' lang='lat' dir='ltr'>gente</span> <span class='ocrx_word' id='word_1_84' title='bbox 208 1451 237 1505; x_wconf 91' lang='lat' dir='ltr'>in</span> <span class='ocrx_word' id='word_1_85' title='bbox 250 1450 373 1522; x_wconf 85' lang='lat' dir='ltr'>Scythica</span> <span class='ocrx_word' id='word_1_86' title='bbox 384 1451 479 1504; x_wconf 80' lang='lat' dir='ltr'>suffixa</span> <span class='ocrx_word' id='word_1_87' title='bbox 489 1451 620 1504; x_wconf 87' lang='lat' dir='ltr'>cadavera</span> <span class='ocrx_word' id='word_1_88' title='bbox 630 1451 732 1504; x_wconf 87' lang='lat' dir='ltr'>truncis</span> 
     </span>
    </p>

    <p class='ocr_par' dir='ltr' id='par_1_15' title="bbox 61 1538 646 1609">
     <span class='ocr_line' id='line_1_15' title="bbox 61 1538 646 1609; baseline -0.002 -15"><span class='ocrx_word' id='word_1_89' title='bbox 61 1541 147 1594; x_wconf 84' lang='lat' dir='ltr'>Lenta</span> <span class='ocrx_word' id='word_1_90' title='bbox 158 1540 218 1594; x_wconf 91' lang='lat' dir='ltr'>dies</span> <span class='ocrx_word' id='word_1_91' title='bbox 232 1538 335 1609; x_wconf 89' lang='lat' dir='ltr'>sepelit,</span> <span class='ocrx_word' id='word_1_92' title='bbox 348 1540 421 1608; x_wconf 87' lang='lat' dir='ltr'>putri</span> <span class='ocrx_word' id='word_1_93' title='bbox 434 1540 560 1609; x_wconf 90' lang='lat' dir='ltr'>liquentia</span> <span class='ocrx_word' id='word_1_94' title='bbox 572 1540 646 1593; x_wconf 87' lang='lat' dir='ltr'>tabo.</span> 
     </span>
    </p>

    <p class='ocr_par' dir='ltr' id='par_1_16' title="bbox 60 1628 768 1700">
     <span class='ocr_line' id='line_1_16' title="bbox 60 1628 768 1700; baseline 0.001 -18"><span class='ocrx_word' id='word_1_95' title='bbox 60 1629 142 1683; x_wconf 87' lang='lat' dir='ltr'>Talia</span> <span class='ocrx_word' id='word_1_96' title='bbox 153 1628 221 1683; x_wconf 87' lang='lat' dir='ltr'>dum</span> <span class='ocrx_word' id='word_1_97' title='bbox 234 1639 395 1693; x_wconf 86' lang='lat' dir='ltr'>memorant,</span> <span class='ocrx_word' id='word_1_98' title='bbox 405 1629 503 1682; x_wconf 90' lang='lat' dir='ltr'>umbra</span> <span class='ocrx_word' id='word_1_99' title='bbox 515 1629 637 1683; x_wconf 86' lang='lat' dir='ltr'>veniente</span> <span class='ocrx_word' id='word_1_100' title='bbox 651 1629 768 1700; x_wconf 79' lang='lat' dir='ltr'>Sibyllae,</span> 
     </span>
    </p>

    <p class='ocr_par' dir='ltr' id='par_1_17' title="bbox 61 1715 748 1787">
     <span class='ocr_line' id='line_1_17' title="bbox 61 1715 748 1787; baseline -0.001 -16"><span class='ocrx_word' id='word_1_101' title='bbox 61 1718 203 1784; x_wconf 82' lang='lat' dir='ltr'>Autonoe,</span> <span class='ocrx_word' id='word_1_102' title='bbox 218 1717 312 1770; x_wconf 87' lang='lat' dir='ltr'>Finem</span> <span class='ocrx_word' id='word_1_103' title='bbox 323 1715 378 1781; x_wconf 88' lang='lat' dir='ltr'>hic,</span> <span class='ocrx_word' id='word_1_104' title='bbox 392 1717 489 1787; x_wconf 87' lang='lat' dir='ltr'>inquit,</span> <span class='ocrx_word' id='word_1_105' title='bbox 502 1719 669 1771; x_wconf 88' lang='lat' dir='ltr'>sermonibus</span> <span class='ocrx_word' id='word_1_106' title='bbox 680 1717 748 1771; x_wconf 89' lang='lat' dir='ltr'>adde</span> 
     </span>
    </p>

    <p class='ocr_par' dir='ltr' id='par_1_18' title="bbox 61 1804 705 1870">
     <span class='ocr_line' id='line_1_18' title="bbox 61 1804 705 1870; baseline -0.003 -10"><span class='ocrx_word' id='word_1_107' title='bbox 61 1806 196 1860; x_wconf 88' lang='lat' dir='ltr'>Alternis.</span> <span class='ocrx_word' id='word_1_108' title='bbox 217 1807 293 1870; x_wconf 84' lang='lat' dir='ltr'>Haec,</span> <span class='ocrx_word' id='word_1_109' title='bbox 308 1805 365 1859; x_wconf 83' lang='lat' dir='ltr'>haec</span> <span class='ocrx_word' id='word_1_110' title='bbox 377 1805 435 1858; x_wconf 86' lang='lat' dir='ltr'>veri</span> <span class='ocrx_word' id='word_1_111' title='bbox 447 1804 560 1859; x_wconf 86' lang='lat' dir='ltr'>fecunda</span> <span class='ocrx_word' id='word_1_112' title='bbox 571 1806 705 1860; x_wconf 87' lang='lat' dir='ltr'>sacerdos:</span> 
     </span>
    </p>

    <p class='ocr_par' dir='ltr' id='par_1_19' title="bbox 61 1892 768 1966">
     <span class='ocr_line' id='line_1_19' title="bbox 61 1892 768 1966; baseline -0.008 -15"><span class='ocrx_word' id='word_1_113' title='bbox 61 1898 113 1952; x_wconf 85' lang='lat' dir='ltr'>eui</span> <span class='ocrx_word' id='word_1_114' title='bbox 125 1906 234 1965; x_wconf 85' lang='lat' dir='ltr'>tanturn</span> <span class='ocrx_word' id='word_1_115' title='bbox 245 1894 331 1966; x_wconf 90' lang='lat' dir='ltr'>patuit</span> <span class='ocrx_word' id='word_1_116' title='bbox 344 1912 444 1959; x_wconf 88' lang='lat' dir='ltr'>rerum,</span> <span class='ocrx_word' id='word_1_117' title='bbox 455 1906 585 1964; x_wconf 89' lang='lat' dir='ltr'>quantum</span> <span class='ocrx_word' id='word_1_118' title='bbox 597 1895 652 1964; x_wconf 88' lang='lat' dir='ltr'>ipse</span> <span class='ocrx_word' id='word_1_119' title='bbox 664 1892 768 1965; x_wconf 58' lang='lat' dir='ltr'>negarit</span> 
     </span>
    </p>

    <p class='ocr_par' dir='ltr' id='par_1_20' title="bbox 60 1984 756 2049">
     <span class='ocr_line' id='line_1_20' title="bbox 60 1984 756 2049; baseline -0.003 -10"><span class='ocrx_word' id='word_1_120' title='bbox 60 1986 126 2039; x_wconf 87' lang='lat' dir='ltr'>Plus</span> <span class='ocrx_word' id='word_1_121' title='bbox 137 1984 246 2039; x_wconf 88' lang='lat' dir='ltr'>novisse</span> <span class='ocrx_word' id='word_1_122' title='bbox 260 1985 344 2036; x_wconf 86' lang='lat' dir='ltr'>Deus.</span> <span class='ocrx_word' id='word_1_123' title='bbox 364 1984 414 2035; x_wconf 92' lang='lat' dir='ltr'>Me</span> <span class='ocrx_word' id='word_1_124' title='bbox 423 1984 480 2049; x_wconf 88' lang='lat' dir='ltr'>jam</span> <span class='ocrx_word' id='word_1_125' title='bbox 491 1984 634 2037; x_wconf 87' lang='lat' dir='ltr'>comitante</span> <span class='ocrx_word' id='word_1_126' title='bbox 646 1993 756 2038; x_wconf 88' lang='lat' dir='ltr'>tuorum</span> 
     </span>
    </p>

    <p class='ocr_par' dir='ltr' id='par_1_21' title="bbox 58 2071 823 2144">
     <span class='ocr_line' id='line_1_21' title="bbox 58 2071 823 2144; baseline 0 -18"><span class='ocrx_word' id='word_1_127' title='bbox 58 2074 184 2144; x_wconf 86' lang='lat' dir='ltr'>Tempus</span> <span class='ocrx_word' id='word_1_128' title='bbox 196 2071 272 2125; x_wconf 89' lang='lat' dir='ltr'>abire</span> <span class='ocrx_word' id='word_1_129' title='bbox 283 2071 375 2142; x_wconf 85' lang='lat' dir='ltr'>giobo,</span> <span class='ocrx_word' id='word_1_130' title='bbox 388 2082 415 2125; x_wconf 91' lang='lat' dir='ltr'>et</span> <span class='ocrx_word' id='word_1_131' title='bbox 426 2072 541 2143; x_wconf 89' lang='lat' dir='ltr'>pecudes</span> <span class='ocrx_word' id='word_1_132' title='bbox 552 2073 687 2143; x_wconf 86' lang='lat' dir='ltr'>imponere</span> <span class='ocrx_word' id='word_1_133' title='bbox 701 2073 823 2126; x_wconf 85' lang='lat' dir='ltr'>flammis.</span> 
     </span>
    </p>

    <p class='ocr_par' dir='ltr' id='par_1_22' title="bbox 55 2157 682 2230">
     <span class='ocr_line' id='line_1_22' title="bbox 55 2157 682 2230; baseline 0 -18"><span class='ocrx_word' id='word_1_134' title='bbox 55 2161 99 2212; x_wconf 86' lang='lat' dir='ltr'>·At</span> <span class='ocrx_word' id='word_1_135' title='bbox 109 2158 225 2230; x_wconf 85' lang='lat' dir='ltr'>gravida</span> <span class='ocrx_word' id='word_1_136' title='bbox 236 2157 338 2212; x_wconf 89' lang='lat' dir='ltr'>arcanis</span> <span class='ocrx_word' id='word_1_137' title='bbox 349 2157 450 2212; x_wconf 91' lang='lat' dir='ltr'>Cumes</span> <span class='ocrx_word' id='word_1_138' title='bbox 461 2176 528 2211; x_wconf 88' lang='lat' dir='ltr'>anus</span> <span class='ocrx_word' id='word_1_139' title='bbox 538 2159 625 2230; x_wconf 84' lang='lat' dir='ltr'>attigit</span> <span class='ocrx_word' id='word_1_140' title='bbox 632 2176 682 2212; x_wconf 32' lang='lat' dir='ltr'>iore</span> 
     </span>
    </p>

    <p class='ocr_par' dir='ltr' id='par_1_23' title="bbox 58 2244 718 2315">
     <span class='ocr_line' id='line_1_23' title="bbox 58 2244 718 2315; baseline 0.002 -16"><span class='ocrx_word' id='word_1_141' title='bbox 58 2245 207 2314; x_wconf 85' lang='lat' dir='ltr'>Postquam</span> <span class='ocrx_word' id='word_1_142' title='bbox 219 2244 378 2312; x_wconf 81' lang='lat' dir='ltr'>sacrificum,</span> <span class='ocrx_word' id='word_1_143' title='bbox 392 2246 573 2315; x_wconf 88' lang='lat' dir='ltr'>delibavitque</span> <span class='ocrx_word' id='word_1_144' title='bbox 585 2265 718 2312; x_wconf 88' lang='lat' dir='ltr'>eruorem,</span> 
     </span>
    </p>

    <p class='ocr_par' dir='ltr' id='par_1_24' title="bbox 58 2334 667 2406">
     <span class='ocr_line' id='line_1_24' title="bbox 58 2334 667 2406; baseline 0.005 -19"><span class='ocrx_word' id='word_1_145' title='bbox 58 2335 91 2388; x_wconf 89' lang='lat' dir='ltr'>in</span> <span class='ocrx_word' id='word_1_146' title='bbox 104 2336 188 2389; x_wconf 89' lang='lat' dir='ltr'>decus</span> <span class='ocrx_word' id='word_1_147' title='bbox 200 2335 316 2406; x_wconf 76' lang='lat' dir='ltr'>egregiae</span> <span class='ocrx_word' id='word_1_148' title='bbox 326 2334 418 2388; x_wconf 87' lang='lat' dir='ltr'>vuitus</span> <span class='ocrx_word' id='word_1_149' title='bbox 430 2335 530 2388; x_wconf 88' lang='lat' dir='ltr'>intenta</span> <span class='ocrx_word' id='word_1_150' title='bbox 538 2338 667 2403; x_wconf 83' lang='lat' dir='ltr'>juventae,</span> 
     </span>
    </p>

    <p class='ocr_par' dir='ltr' id='par_1_25' title="bbox 59 2423 821 2498">
     <span class='ocr_line' id='line_1_25' title="bbox 59 2423 821 2498; baseline -0.003 -20"><span class='ocrx_word' id='word_1_151' title='bbox 59 2424 194 2478; x_wconf 86' lang='lat' dir='ltr'>AEtherea</span> <span class='ocrx_word' id='word_1_152' title='bbox 207 2423 314 2478; x_wconf 82' lang='lat' dir='ltr'>fruerer</span> <span class='ocrx_word' id='word_1_153' title='bbox 324 2441 387 2477; x_wconf 93' lang='lat' dir='ltr'>cum</span> <span class='ocrx_word' id='word_1_154' title='bbox 399 2425 468 2489; x_wconf 90' lang='lat' dir='ltr'>luce,</span> <span class='ocrx_word' id='word_1_155' title='bbox 481 2425 552 2478; x_wconf 81' lang='lat' dir='ltr'>haud</span> <span class='ocrx_word' id='word_1_156' title='bbox 565 2427 688 2496; x_wconf 84' lang='lat' dir='ltr'>segniter,</span> <span class='ocrx_word' id='word_1_157' title='bbox 700 2426 798 2495; x_wconf 91' lang='lat' dir='ltr'>inquit,</span> <span class='ocrx_word' id='word_1_158' title='bbox 816 2494 821 2498; x_wconf 78' lang='lat'>.</span> 
     </span>
    </p>

    <p class='ocr_par' dir='ltr' id='par_1_26' title="bbox 59 2512 719 2589">
     <span class='ocr_line' id='line_1_26' title="bbox 59 2512 719 2589; baseline -0.002 -23"><span class='ocrx_word' id='word_1_159' title='bbox 59 2512 173 2567; x_wconf 86' lang='lat' dir='ltr'>Cumaeo</span> <span class='ocrx_word' id='word_1_160' title='bbox 186 2513 293 2589; x_wconf 77' lang='lat' dir='ltr'>populis</span> <span class='ocrx_word' id='word_1_161' title='bbox 304 2531 359 2566; x_wconf 86' lang='lat' dir='ltr'>vox</span> <span class='ocrx_word' id='word_1_162' title='bbox 372 2524 460 2567; x_wconf 87' lang='lat' dir='ltr'>nostra</span> <span class='ocrx_word' id='word_1_163' title='bbox 471 2515 582 2567; x_wconf 84' lang='lat' dir='ltr'>sonabat</span> <span class='ocrx_word' id='word_1_164' title='bbox 592 2514 619 2566; x_wconf 92' lang='lat' dir='ltr'>in</span> <span class='ocrx_word' id='word_1_165' title='bbox 631 2525 719 2567; x_wconf 88' lang='lat' dir='ltr'>antro.</span> 
     </span>
    </p>

    <p class='ocr_par' dir='ltr' id='par_1_27' title="bbox 59 2600 696 2673">
     <span class='ocr_line' id='line_1_27' title="bbox 59 2600 696 2673; baseline 0.003 -21"><span class='ocrx_word' id='word_1_166' title='bbox 59 2600 140 2653; x_wconf 67' lang='lat' dir='ltr'>&#39;Iunc</span> <span class='ocrx_word' id='word_1_167' title='bbox 151 2610 179 2653; x_wconf 90' lang='lat' dir='ltr'>te</span> <span class='ocrx_word' id='word_1_168' title='bbox 191 2600 357 2671; x_wconf 85' lang='lat' dir='ltr'>permixtum</span> <span class='ocrx_word' id='word_1_169' title='bbox 369 2601 444 2655; x_wconf 87' lang='lat' dir='ltr'>seclis</span> <span class='ocrx_word' id='word_1_170' title='bbox 456 2602 589 2673; x_wconf 89' lang='lat' dir='ltr'>rebusque</span> <span class='ocrx_word' id='word_1_171' title='bbox 598 2601 696 2655; x_wconf 86' lang='lat' dir='ltr'>futuris</span> 
     </span>
    </p>

    <p class='ocr_par' dir='ltr' id='par_1_28' title="bbox 60 2688 736 2762">
     <span class='ocr_line' id='line_1_28' title="bbox 60 2688 736 2762; baseline 0.004 -21"><span class='ocrx_word' id='word_1_172' title='bbox 60 2688 217 2743; x_wconf 80' lang='lat' dir='ltr'>AEneadum</span> <span class='ocrx_word' id='word_1_173' title='bbox 228 2689 322 2742; x_wconf 88' lang='lat' dir='ltr'>cecini.</span> <span class='ocrx_word' id='word_1_174' title='bbox 342 2690 394 2742; x_wconf 89' lang='lat' dir='ltr'>Sed</span> <span class='ocrx_word' id='word_1_175' title='bbox 406 2708 459 2744; x_wconf 93' lang='lat' dir='ltr'>non</span> <span class='ocrx_word' id='word_1_176' title='bbox 472 2701 510 2744; x_wconf 90' lang='lat' dir='ltr'>sat</span> <span class='ocrx_word' id='word_1_177' title='bbox 522 2691 602 2762; x_wconf 86' lang='lat' dir='ltr'>digna</span> <span class='ocrx_word' id='word_1_178' title='bbox 613 2709 736 2746; x_wconf 85' lang='lat' dir='ltr'>mearum</span> 
     </span>
    </p>

    <p class='ocr_par' dir='ltr' id='par_1_29' title="bbox 55 2777 729 2851">
     <span class='ocr_line' id='line_1_29' title="bbox 55 2777 729 2851; baseline 0.007 -22"><span class='ocrx_word' id='word_1_179' title='bbox 55 2777 132 2846; x_wconf 85' lang='lat' dir='ltr'>¹Cura</span> <span class='ocrx_word' id='word_1_180' title='bbox 144 2778 198 2851; x_wconf 75' lang='lat' dir='ltr'>tuis</span> <span class='ocrx_word' id='word_1_181' title='bbox 209 2794 319 2832; x_wconf 84' lang='lat' dir='ltr'>vocum.</span> <span class='ocrx_word' id='word_1_182' title='bbox 340 2796 388 2832; x_wconf 90' lang='lat' dir='ltr'>nec</span> <span class='ocrx_word' id='word_1_183' title='bbox 399 2781 471 2833; x_wconf 90' lang='lat' dir='ltr'>enim</span> <span class='ocrx_word' id='word_1_184' title='bbox 482 2781 639 2850; x_wconf 88' lang='lat' dir='ltr'>conquirere</span> <span class='ocrx_word' id='word_1_185' title='bbox 650 2782 729 2848; x_wconf 87' lang='lat' dir='ltr'>dicta,</span> 
     </span>
    </p>

    <p class='ocr_par' dir='ltr' id='par_1_30' title="bbox 60 2866 664 2938">
     <span class='ocr_line' id='line_1_30' title="bbox 60 2866 664 2938; baseline 0.007 -19"><span class='ocrx_word' id='word_1_186' title='bbox 60 2867 118 2919; x_wconf 83' lang='lat' dir='ltr'>Aut</span> <span class='ocrx_word' id='word_1_187' title='bbox 129 2884 237 2920; x_wconf 89' lang='lat' dir='ltr'>servare</span> <span class='ocrx_word' id='word_1_188' title='bbox 250 2866 302 2920; x_wconf 88' lang='lat' dir='ltr'>fuit</span> <span class='ocrx_word' id='word_1_189' title='bbox 315 2868 421 2938; x_wconf 85' lang='lat' dir='ltr'>proavis</span> <span class='ocrx_word' id='word_1_190' title='bbox 432 2868 550 2922; x_wconf 89' lang='lat' dir='ltr'>sollertia</span> <span class='ocrx_word' id='word_1_191' title='bbox 558 2871 664 2923; x_wconf 90' lang='lat' dir='ltr'>vestris.</span> 
     </span>
    </p>

    <p class='ocr_par' dir='ltr' id='par_1_31' title="bbox 61 2952 866 3099">
     <span class='ocr_line' id='line_1_31' title="bbox 61 2952 866 3039; baseline 0.009 -32"><span class='ocrx_word' id='word_1_192' title='bbox 61 2952 161 3009; x_wconf 88' lang='lat' dir='ltr'>Verum</span> <span class='ocrx_word' id='word_1_193' title='bbox 172 2972 233 3026; x_wconf 86' lang='lat' dir='ltr'>ago,</span> <span class='ocrx_word' id='word_1_194' title='bbox 242 2955 325 3024; x_wconf 88' lang='lat' dir='ltr'>disce,</span> <span class='ocrx_word' id='word_1_195' title='bbox 337 2974 414 3028; x_wconf 84' lang='lat' dir='ltr'>puer,</span> <span class='ocrx_word' id='word_1_196' title='bbox 426 2957 545 3028; x_wconf 89' lang='lat' dir='ltr'>(quando</span> <span class='ocrx_word' id='word_1_197' title='bbox 557 2961 801 3039; x_wconf 75' lang='lat' dir='ltr'>eognoscerecordi</span> <span class='ocrx_word' id='word_1_198' title='bbox 813 2962 866 3028; x_wconf 86' lang='lat' dir='ltr'>est)</span> 
     </span>
     <span class='ocr_line' id='line_1_32' title="bbox 96 3056 487 3099; baseline 0.005 -2"><span class='ocrx_word' id='word_1_199' title='bbox 96 3056 170 3098; x_wconf 80' lang='lat' dir='ltr'>vor..</span> <span class='ocrx_word' id='word_1_200' title='bbox 186 3059 221 3098; x_wconf 85' lang='lat'>11.</span> <span class='ocrx_word' id='word_1_201' title='bbox 465 3061 487 3099; x_wconf 77' lang='lat' dir='ltr'>st</span> 
     </span>
    </p>
   </div>
   <div class='ocr_carea' id='block_1_3' title="bbox 0 0 1010 3450">
    <p class='ocr_par' dir='ltr' id='par_1_32' title="bbox 0 0 1010 3450">
     <span class='ocr_line' id='line_1_33' title="bbox 0 0 1010 3450; baseline 0 4"><span class='ocrx_word' id='word_1_202' title='bbox 0 0 1010 3450; x_wconf 95' lang='lat' dir='ltr'> </span> 
     </span>
    </p>
   </div>
  </div>
 </body>
</html>
