2010 3450
345 431 513 503 LIBER
544 433 602 504 X.

400 743 429 779 v.
446 746 539 793 1-24.

69 835 106 934 P
108 897 245 946 nunnus,
256 890 286 934 ut
297 881 436 960 adversam
447 883 522 936 videt
534 882 726 937 increbrescere
737 894 875 954 pugnatas

69 973 222 1044 (Ceufeta,
235 991 305 1044 quae,
318 972 379 1026 telis
388 973 665 1044 circumcingentibus,
679 972 752 1025 ultro

68 1062 163 1116 Assibt
175 1062 204 1115 in
216 1062 329 1126 ferrum,
342 1071 368 1113 et
378 1079 428 1132 per
438 1062 550 1116 vulnera
560 1060 661 1133 colligit
673 1050 801 1132 hostem‘,)
867 1100 882 1120 ..

66 1153 100 1204 ln
112 1152 214 1207 medios
226 1151 279 1204 fert
291 1167 365 1204 arma
375 1150 480 1221 globos,
495 1167 601 1219 seseque
614 1150 717 1224 periclis
771 1207 775 1214 ,

66 1239 179 1310 Ingerit,
191 1249 269 1307 atque
281 1239 353 1292 omni
365 1238 450 1293 letum
462 1239 572 1292 molitur
582 1239 616 1291 ab
628 1255 701 1291 ense.

65 1330 191 1397 Increpat
203 1327 378 1391 horrendum,
392 1327 519 1392 Perstate,
532 1336 558 1380 et
568 1326 682 1391 fortiter,
696 1343 754 1391 oro,

66 1415 223 1469 Pectoribus
235 1415 339 1468 ferrum
349 1416 467 1485 accipite,
481 1432 512 1469 ac
524 1415 578 1468 sine
590 1414 700 1468 vulnere
712 1425 787 1485 terga

65 1505 113 1557 Ad
124 1519 215 1557 manes
226 1503 338 1569 deferte,
351 1503 414 1556 viri.
434 1503 483 1556 nisi
495 1503 581 1574 gloria
591 1503 694 1569 mortis,

64 1591 111 1645 Nil
122 1600 252 1662 superest.
273 1591 350 1644 Idem
361 1591 435 1644 sedes
447 1592 606 1647 adeuntibus
618 1591 684 1645 imas

63 1678 115 1733 Hic
126 1679 204 1732 vobis
214 1679 270 1731 dux
284 1677 394 1731 Paullus
405 1678 465 1732 erit.
486 1678 612 1737 Velocius
622 1676 684 1730 inde

62 1766 205 1821 Haemonio
218 1768 313 1831 Borea,
327 1784 466 1837 pennaque
477 1766 583 1821 citatior
594 1765 660 1831 ibat,
717 1799 720 1807 ,

64 1857 134 1929 Qae
144 1855 215 1908 redit
227 1855 255 1906 in
268 1870 370 1925 pugnas
381 1853 506 1924 fugientis
515 1852 646 1907 arundine
658 1851 766 1919 Parthi5

61 1945 163 2011 Atque,
177 1943 224 1996 ubi
236 1953 370 1996 certamen
382 1943 460 2013 primi
472 1943 523 1996 ciet
534 1943 674 1995 immemor
685 1942 738 1994 ae‘vi

62 2031 145 2084 Fetus
157 2028 281 2083 Gradivo
293 2040 410 2082 mentem
423 2029 501 2094 Cato,
516 2029 602 2082 fertur
613 2029 640 2082 in
652 2029 756 2094 bostes;

62 2117 106 2173 Ac
114 2117 255 2182 juvenem,
269 2132 349 2185 quem
357 2117 443 2170 Vasco
453 2116 529 2180 levis,
543 2132 623 2186 quem
635 2115 736 2186 spicula
747 2115 844 2168 densus

62 2203 199 2257 Cantaber
209 2204 331 2274 urgebat,
344 2203 557 2272 letalibus'eripit
569 2203 659 2256 armis.

59 2290 223 2344 Abscessere
235 2293 317 2355 retro',
329 2291 471 2362 pavidique
483 2292 511 2345 in
523 2303 599 2364 terga
609 2291 712 2355 relatos

59 2377 212 2433 Abduxere
223 2378 332 2449 gradus.
351 2380 390 2432 Ut
401 2380 480 2434 laetus
490 2380 561 2434 valle
573 2390 676 2435 remota

60 2468 132 2520 Cum
144 2483 267 2538 capream
278 2478 391 2537 venator
399 2469 462 2539 agit,
477 2469 623 2537 fessamque
634 2469 787 2541 propinquo

58 2556 214 2626 Insequitur
226 2573 317 2622 cursu,
331 2567 358 2609 et
371 2569 458 2634 sperat
466 2559 523 2624 jam
534 2570 644 2628 tangere
655 2558 760 2626 dextra,

58 2645 87 2697 Si
98 2644 170 2700 ferus
182 2647 296 2700 adverso
308 2644 428 2701 subitum
436 2662 466 2701 vse
477 2649 590 2719 protulit
602 2658 689 2714 antro,

57 2733 95 2785 Et
105 2735 176 2788 stetit
188 2744 250 2790 ante
262 2735 354 2789 oculos
366 2735 491 2791 frendens
503 2737 555 2802 leo,
568 2737 665 2791 deserit
676 2755 730 2791 una
775 2761 777 2764 ·
841 2739 842 2742 ’

57 2820 94 2877 Et
106 2821 229 2888 color,'et'
238 2822 354 2894 sanguis,
366 2834 393 2878 et
405 2825 458 2878 tela
469 2826 574 2879 minora
585 2824 700 2894 periclo:
747 2851 749 2856 ·

57 2908 115 2961 Nec
122 2909 178 2976 jam
190 2921 304 2982 sperata
315 2926 380 2966 cura
391 2923 430 2968 est
441 2914 468 2968 in
480 2922 588 2985 pectore
599 2912 707 2984 prada.
806 2936 814 2952 ·
852 2942 859 2970 l
