2010 3450
135 260 184 302 ισο
335 245 427 302 nahra
447 258 517 300 xnr.
553 257 582 298 va
597 247 746 315 564'-593'·

134 367 218 439 Ripas
230 366 319 420 saevits
330 366 411 437 aquis
419 364 596 436 Phlegethon,
609 372 645 428 et,
658 363 766 417 turbine
779 362 878 418 anhelo
939 370 948 395 ⁸

135 455 321 511 Flammarum
334 472 468 518 resonans,
484 452 710 506 saxosaincendia
721 462 841 524 torquet.
944 462 947 469 '

137 545 217 598 Parte
228 544 279 597 alia
294 553 400 597 torrens
413 543 529 611 Cocytos
542 540 676 611 sanguinis
688 539 739 592 atri

139 632 296 687 Vorticibus
308 631 384 696 t'urit,
398 641 425 683 et
437 629 571 700 spumanti
583 629 690 700 gurgite
702 628 799 683 fertur.

141 722 192 784 At,
203 719 306 790 magnis
318 723 422 789 semper
435 717 512 771 Divis
524 717 633 787 regique
646 718 768 771 Deorum

141 808 231 875 Jurari
242 808 351 877 dignata
362 805 448 877 palus,
461 805 526 876 picis
538 804 647 858 horrida
659 804 728 869 rivo,

144 893 312 948 Fumiierum
324 892 412 946 volvit
422 894 487 962 Styx
499 891 569 945 inter
581 891 685 945 sulfura
695 892 803 946 limum.

143 984 262 1038 Tristior
273 984 314 1037 his
325 983 454 1037 Acheron
467 985 538 1036 sanie
548 1001 688 1052 crassoque
702 1002 808 1040 veneno

146 1076 265 1139 AEstuat,
277 1084 313 1139 et,
327 1068 442 1144 gelidam
454 1083 578 1126 eructans
589 1091 651 1127 cum
663 1091 803 1128 mumrure
814 1091 935 1144 arenam,

146 1162 290 1216 Descendit
304 1162 378 1233 nigra
390 1162 478 1215 lentus
488 1178 537 1230 per
548 1171 640 1231 stagna
653 1161 760 1231 palude.

145 1253 222 1306 Hanc
234 1263 307 1321 potat
320 1251 418 1304 saniem
430 1268 484 1304 non
496 1268 551 1303 uno
563 1249 699 1303 Cerberus
711 1266 768 1303 ore.

147 1343 213 1394 Haec
224 1349 251 1393 et
263 1340 424 1408 Tisiphones
437 1349 499 1392 sunt
510 1338 615 1408 pocula,
627 1348 654 1391 et
663 1349 722 1392 atra
733 1341 857 1411 Megaera

147 1429 218 1481 Hinc
229 1427 293 1493 sitit,
306 1443 337 1480 ac
349 1427 426 1480 nullo
439 1427 525 1480 rabies
535 1426 710 1498 restinguitur
721 1427 830 1482 haustu.

146 1516 265 1571 Ultimus
276 1517 393 1587 erumpit
404 1516 576 1569 lacrimarum
588 1515 708 1577 fontibus
717 1517 804 1571 amnis

148 1604 222 1656 Ante
233 1603 331 1668 aulam,
341 1613 421 1672 atque
432 1602 529 1668 aditus,
543 1611 570 1654 et
582 1603 746 1657 inexorabile
757 1603 852 1659 limen.

148 1696 258 1767 Qanta
268 1692 373 1756 cohors,
385 1691 458 1744 omni
471 1691 621 1745 stabulante
633 1708 681 1761 per
692 1692 759 1745 atria
769 1703 902 1760 monstro,

146 1779 281 1843 Excubat,
294 1790 321 1832 et
327 1796 421 1832 manes
434 1779 567 1850 permixto
579 1797 719 1833 murmure
728 1787 827 1835 terretl

147 1867 250 1920 Luctus
262 1868 341 1932 edax,
358 1867 522 1936 Maciesque,
536 1867 612 1920 malis
623 1884 712 1921 comes
724 1868 815 1921 addita
824 1869 936 1935 morbis,

148 1957 184 2009 Et
196 1958 305 2009 Moeror
315 1968 406 2028 pastus
417 1956 505 2021 Fletu,
519 1965 545 2009 et
557 1957 613 2010 sine
625 1957 753 2027 sanguine
765 1957 869 2022 Pallor,

149 2045 259 2115 Curaeq3
274 2044 408 2112 lnsidiaeq3
428 2055 482 2115 atq3
497 2044 560 2098 hinc
573 2044 740 2113 queribunda
752 2046 890 2113 Senectus,

148 2133 217 2185 Hinc
230 2137 329 2204 au'gens
341 2144 454 2204 utraque
466 2150 547 2186 manu
559 2149 606 2185 sua
616 2143 727 2203 guttura
739 2132 834 2197 Livor,

147 2222 183 2274 Et
196 2221 315 2275 deforme
329 2222 430 2275 malum
441 2239 472 2275 ac
485 2221 578 2274 sceleri
590 2220 717 2292 proclivis
728 2222 850 2292 Egestas,
945 2227 948 2230 ’

147 2311 286 2380 Errorque
299 2310 379 2364 infido
391 2328 494 2382 gressu,
508 2321 535 2364 et
547 2310 689 2364 Discordia
699 2311 817 2380 gaudens

148 2395 311 2451 Permiscere
324 2397 422 2451 fretum
434 2398 519 2464 coelo;
540 2398 623 2451 sedet
635 2397 702 2450 ostia
714 2397 786 2451 Ditis
856 2402 859 2409 '

148 2483 274 2539 Centenis
287 2496 376 2538 suetus
389 2485 515 2538 Briareus
525 2486 664 2539 recludere
675 2485 782 2556 palmis,

148 2569 184 2622 Et
196 2572 308 2640 Sphinx,
321 2572 455 2643 virgineos
468 2574 551 2626 rictus
563 2574 661 2627 infecta
671 2592 778 2640 cruore,

56 2712 59 2719 ¹
147 2657 295 2727 Scyllaque,
307 2660 488 2729 Centaurique
500 2672 599 2726 truces,
613 2663 771 2733 umbraeque
784 2663 939 2733 Gigantum.

147 2746 282 2801 Cerbems
293 2747 338 2803 hic
350 2751 437 2819 ruptis
448 2761 572 2821 peragrat
584 2768 646 2804 cum
658 2751 775 2803 Tartara
786 2748 892 2816 vinclis,

143 2834 206 2886 Non
219 2833 275 2905 ipsa
288 2836 396 2902 Alecto,
411 2855 464 2891 non
478 2839 532 2893 feta
544 2839 638 2893 furore
650 2841 774 2911 Megaera

141 2921 237 2976 Audet
249 2925 322 2979 adire
334 2925 433 2992 ferum,
448 2928 515 2981 dum
528 2927 619 2982 fractis
630 2926 704 2982 mille
715 2928 815 2984 catenis
