2010 3450
129 287 162 322 20
328 282 417 321 tim
431 282 461 320 X·
501 279 531 316 V·
546 278 694 330 5⁰5⁴*534'
710 284 714 291 '

132 387 185 439 Per
198 387 317 440 subitum
329 385 447 456 erumpit
459 383 571 436 clamor.
592 381 727 434 Permixta
739 381 817 434 ruina

134 477 210 527 Inter
221 485 248 527 et
259 492 333 527 arma
342 472 436 526 virlim
444 481 471 523 et
482 470 595 523 lacerata
606 470 745 534 cadavera,
759 466 847 521 Paulli

134 562 269 614 Eruerant
278 579 377 630 corpus
389 559 476 612 media
486 559 520 610 de
532 569 619 628 strage
628 557 774 623 jacentum.

135 650 198 701 Heu
212 649 270 716 quis
282 654 351 702 erat!
375 666 455 719 quam
468 665 521 700 non
535 647 625 700 similis
637 648 718 700 modo
731 647 833 700 Punica
843 646 905 702 telis
935 671 937 674 ’

133 736 254 806 Agmina
266 737 397 790 turbanti!
419 736 462 788 vel
474 752 537 789 cum
549 735 694 788 Taulantia
706 751 790 804 regna
823 803 825 808 Ι

136 824 237 888 Vertit,
250 836 276 877 et
288 824 398 895 Illyrico
411 835 471 876 sunt
483 823 573 876 addita
580 823 673 876 vincla
684 826 809 892 tyranno!

57 899 59 903 ⁷
133 910 248 969 Pulvere
260 913 368 965 canities
377 922 447 975 atro,
459 911 596 980 arentique
608 928 704 964 cruore

134 998 277 1066 squalebat
289 999 382 1062 barba,
397 1009 423 1051 et
435 997 562 1068 perfracti
574 998 680 1051 turbine
692 998 787 1050 dentes

132 1085 251 1140 Muralis
265 1087 330 1152 saxi,
345 1098 404 1139 tum
417 1096 474 1139 toto
486 1103 598 1155 corpore
609 1086 720 1139 vulnus.

136 1178 226 1246 Qtem
238 1185 377 1244 postquam
389 1158 491 1244 aspexit
502 1173 651 1243 geminatus
662 1173 759 1245 gaudia
769 1172 866 1228 ductor
900 1216 903 1226 .
930 1224 934 1233 ,

134 1262 271 1326 Sidonius;
291 1265 374 1332 Fuge,
387 1263 483 1325 Varro,
496 1261 593 1331 inquit,
605 1261 677 1332 fuge,
688 1263 786 1326 Varro,
797 1270 940 1332 superstes,

135 1350 210 1402 Dum
219 1352 305 1416 jaceat
317 1351 441 1404 Paullus:
463 1350 588 1404 Patribus
602 1351 738 1423 Fabioque
752 1352 854 1405 sedenti
935 1368 938 1372 ·

136 1438 173 1490 Et
185 1439 286 1506 populo
297 1438 400 1491 Consul
411 1447 479 1491 totas
491 1438 604 1492 edissere
618 1438 734 1492 Cannas.
888 1430 891 1437 ’

136 1526 291 1580 Concedam
303 1527 371 1579 hanc
383 1526 490 1591 iterum,
505 1526 525 1578 si
538 1526 605 1579 lucis
616 1537 690 1580 tanta
701 1526 799 1596 cupido
810 1536 861 1592 est,

135 1613 288 1666 Concedam
300 1613 358 1677 tibi,
370 1615 467 1677 Varro,
476 1612 584 1684 lugam.
605 1615 655 1678 At,
668 1615 712 1668 eui
727 1614 807 1667 fortia
818 1624 845 1668 et
856 1615 932 1669 hoste

69 1721 70 1724 ¹
136 1701 186 1752 Me
198 1700 279 1771 digna
291 1700 363 1754 haud
376 1715 458 1770 parvo
471 1700 611 1754 caluerunt
623 1701 705 1754 corda
715 1701 820 1771 vigore,

137 1790 241 1842 Funere
253 1806 378 1859 supremo
390 1799 417 1842 et
430 1788 528 1842 tumuli
538 1789 680 1843 decoretur
690 1790 802 1842 honore.

136 1881 272 1951 Qantus,
287 1878 389 1942 Paulle‚
400 1881 484 1944 jaces!
504 1877 549 1947 qui
562 1888 601 1929 tot
613 1877 678 1930 mihi
689 1876 809 1931 millibus
822 1895 891 1932 unus

135 1966 228 2039 Major
238 1966 441 2020 laetitiaeeaussa
451 1982 488 2017 es.
510 1967 581 2019 Cum
594 1967 647 2019 fata
660 1967 806 2032 vocabunt,

133 2054 203 2120 Tale
215 2073 311 2126 precor
322 2056 408 2118 nobis,
423 2054 498 2108 salva
510 2055 686 2125 Karthagine,
697 2055 792 2107 letum.

137 2144 204 2196 Haec
217 2144 268 2195 ait:
287 2154 313 2196 et
326 2143 428 2197 socidm
439 2143 560 2196 mandari
572 2160 685 2212 corpora
697 2154 787 2208 terrae,

136 2228 246 2288 Postera
257 2246 320 2282 cum
328 2229 453 2283 thalamis
462 2231 573 2283 Aurora
584 2231 691 2284 rubebit
703 2229 812 2301 apertis,

136 2318 274 2386 Imperat;
288 2334 479 2387 armorumque
489 2318 568 2382 jubet
579 2334 741 2389 consurgere
753 2335 874 2384 acervos,

137 2404 266 2468 Arsuros,
282 2405 412 2470 Gradive,
424 2404 483 2457 tibi.
504 2407 580 2459 Tum
592 2422 704 2459 munera
712 2407 796 2471 jussa,

138 2487 243 2541 Defessi
255 2507 415 2560 quanquam,
430 2492 588 2556 accelerant,
602 2511 720 2562 sparsoq;
734 2493 900 2564 propinquos

102 2651 104 2655 ¹
138 2573 256 2646 Agmine
267 2589 440 2648 prosternunt
453 2580 542 2639 lucos:
564 2591 641 2634 sonat
653 2581 705 2635 icta
716 2582 826 2652 bipenni

138 2665 282 2717 Frondosis
294 2666 361 2723 silva
372 2666 426 2719 alta
435 2667 517 2737 jugis.
537 2667 602 2722 hinc·
612 2681 695 2722 ornus
707 2679 733 2722 et
745 2669 815 2722 albae

138 2749 258 2819 Populus
269 2751 339 2805 alma
350 2770 445 2818 comae,
460 2754 555 2809 validis
566 2756 651 2817 accisa
662 2749 776 2822 lacertis,
818 2807 822 2814 ,

123 2880 127 2890 .
139 2838 283 2905 Scinditur,
297 2841 358 2906 hinc
372 2842 423 2894 ilex
438 2861 602 2913 proavorum
613 2845 715 2899 consita
727 2846 808 2900 seclo.

140 2925 297 2984 Devolvunt
310 2947 433 3001 quercus,
444 2942 617 2996 etamantem
628 2933 709 2990 litora
718 2934 824 3007 pinum,
