2010 3450
138 295 187 362 1'5'0
344 298 433 344 um
453 300 507 343 xv.
542 303 572 340 v.
587 301 735 354 325-354.

138 416 262 481 Namque
274 420 304 464 ut
316 418 493 479 compertum,
507 407 553 476 qui
566 405 667 459 Punica
678 406 753 477 signa
764 401 885 478 regebat,

46 569 50 576 Ι
141 499 266 554 Feminea
278 496 354 550 exuri
368 497 485 559 damma,
499 493 647 564 tacitusque
658 495 757 565 quietae

142 588 213 641 Exin
226 587 319 640 virtuti
331 586 432 656 placuit
443 584 536 638 dolose
552 582 590 635 ire
601 583 696 648 sorori,

143 679 213 730 Nam
224 674 315 729 castris
327 685 383 726 erat
394 673 422 726 in
435 671 553 734 Rutulis,
564 687 706 742 germanus
719 682 816 724 amatae

145 762 268 831 Cogitur,
282 771 309 812 et
320 759 421 830 magnis
434 757 575 812 muliebria
585 758 692 810 vincere
704 758 789 811 corda

145 849 282 912 Pollicitis,
295 848 316 901 si
329 847 444 900 reclusas
456 845 603 899 tramittere
615 856 705 915 portas

47 921 50 927 ¹
143 936 280 990 Concedat
293 933 408 1005 Libycus
419 944 518 987 rector.
538 933 656 1003 Votique
670 933 772 1004 potitus
786 941 788 943 ’

143 1025 240 1078 Evicto
253 1023 351 1076 Fabius
362 1023 448 1076 Poeno
459 1021 622 1075 circumdata
632 1017 692 1076 telis

142 1112 308 1165 Incustodita
320 1110 471 1181 penetravit
483 1109 582 1162 moenia
594 1119 682 1163 nocte.

142 1200 194 1252 Sed
205 1200 327 1270 quisnam
338 1213 444 1252 aversos
457 1198 591 1251 Phoebum
604 1208 669 1252 tunc
677 1199 792 1270 jungere
803 1198 838 1252 ab
850 1198 916 1253 urbe

142 1286 274 1339 Romulea
285 1286 420 1339 dubitaret
432 1302 524 1354 equos,
537 1285 583 1355 qui
596 1296 716 1355 tempore
727 1286 823 1340 eodem

142 1373 308 1427 Marcellum
321 1373 451 1445 acciperet
463 1373 549 1426 letum
560 1373 704 1444 oppetiisse
717 1376 767 1431 sub
779 1374 879 1430 amris?
947 1383 950 1386 ’

142 1461 233 1515 Moles
245 1461 290 1515 illa
301 1461 363 1525 viri,
376 1461 515 1529 calidoque
526 1462 644 1515 habitata
656 1462 781 1515 Gradivo

142 1550 261 1614 Pectora,
275 1562 301 1603 et
313 1549 385 1603 haud
397 1549 457 1603 ullis
469 1567 589 1618 unquam
601 1551 757 1605 tremefacta
767 1551 884 1620 periclis,

143 1642 154 1707 <
159 1640 218 1690 Heu
231 1648 363 1707 quantum
375 1637 552 1692 Hannibalem
561 1639 636 1692 ‘clara
647 1640 751 1694 factura
763 1639 873 1708 ruinal)

141 1725 324 1779 Procubnere.
341 1725 411 1790 jacet
424 1725 523 1795 campis
536 1710 710 1797 Karthaginis
720 1727 829 1780 horror.

141 1817 241 1867 Forsan
256 1814 383 1885 Scipiadae
395 1815 510 1869 confecti
523 1817 630 1869 nomina
642 1816 707 1869 belli

140 1902 290 1973 Rapturus,
305 1903 326 1956 si
340 1903 399 1972 quis
412 1902 524 1974 paulum
535 1905 609 1958 Deus
620 1905 730 1958 adderet
742 1922 812 1960 aevo.

141 1990 227 2043 Collis
239 1993 414 2061 Agenoreum
426 1991 568 2044 dirimebat
580 1993 613 2048 ab
625 2011 720 2066 aggere
729 1994 836 2048 vallum

103 2073 106 2080 '
140 2076 280 2146 Ausonio:
302 2079 313 2145 (
317 2077 406 2129 Dauni
419 2079 533 2131 Mavors
545 2080 700 2135 consederat
711 2079 794 2149 arvis)

140 2164 276 2217 Curatum
287 2180 376 2218 comes
387 2175 415 2218 et
428 2166 525 2219 summi
538 2166 679 2238 Crispinus
691 2168 802 2222 honoris

139 2252 274 2305 Marcello
292 2253 380 2306 socius
390 2254 542 2308 communia
553 2255 624 2309 bella
635 2255 730 2310 ciebat.

140 2341 188 2393 Ad
200 2344 281 2411 quem
293 2340 455 2395 Marcellus:
474 2343 564 2396 Gestit
577 2341 691 2398 lustrare
704 2345 870 2415 propinquas
915 2400 921 2406 ,

140 2431 223 2483 Mens
234 2430 324 2496 silvas,
337 2430 478 2501 medioque
491 2432 563 2486 viros
575 2433 713 2501 imponere
725 2433 821 2499 monti,

138 2520 181 2571 Ne
194 2517 275 2587 Libys
287 2518 399 2572 occultis
412 2520 548 2572 tumulum
560 2520 635 2588 prior
646 2532 758 2590 occupet
769 2522 851 2576 ausis.

140 2606 167 2657 Si
179 2605 253 2658 cordi
264 2617 313 2671 est,
327 2617 353 2660 te
365 2607 532 2678 participem,
546 2608 680 2679 Crispine,
694 2607 794 2661 laboris

139 2694 208 2746 Esse
218 2693 310 2747 velim.
331 2711 469 2766 nunquam
480 2697 575 2750 desunt
587 2697 709 2751 consulta
719 2698 838 2751 duobus.

137 2783 204 2835 Haec
216 2781 263 2834 ubi
276 2784 376 2849 sedere,
390 2783 512 2838 ardentes
524 2785 649 2839 attollere
661 2799 715 2837 sese

135 2869 305 2936 Jamdudum
317 2882 418 2924 certant
430 2872 457 2924 in
470 2890 560 2941 equos.
578 2871 740 2939 Marcellus,
753 2882 784 2925 ut
795 2887 872 2928 amia

133 2957 283 3027 Aptamern
295 2970 389 3014 natum
396 2961 503 3031 aspexit
513 2961 661 3034 laetumque
674 2962 807 3030 tumultu,
