2010 3450
284 307 374 347 orare
393 307 460 347 xvi.
497 309 525 346 v.
539 297 688 360 sss-5⁶4·
837 300 884 362 1⁸7

85 415 143 468 Aut
156 413 231 485 quod
239 413 296 480 jam
308 411 396 483 regnis
407 420 489 464 restat
500 411 586 465 scelus
594 415 618 479 r)
632 410 714 482 impia
727 412 808 468 Circo

85 503 234 556 Innumero
246 501 351 565 fratres,
364 517 444 554 cavea
457 501 599 554 damnante
613 501 743 568 furorem,

85 591 138 647 Pro
150 605 257 664 sceptro
269 590 378 646 antiatis
388 591 506 646 inierunt
518 591 615 661 proelia
625 591 738 644 dextris.

85 682 112 734 Is
121 680 197 753 genti
208 698 267 735 mos
279 681 354 734 dirus
366 689 438 732 erat:
455 679 632 750 ‚patriumque
645 679 771 750 petebant

85 769 180 823 Orbati
194 768 291 822 solium
303 766 371 820 lucis
382 766 535 820 discrimine
547 766 653 820 fratres.

86 857 255 912 Concurrere
267 855 372 922 animis,
386 855 491 924 quantis
501 855 646 925 confligere
658 873 707 926 par
719 866 768 922 est,

86 948 163 1021 Qos
175 944 251 1017 regni
263 945 342 998 furor
353 943 485 1012 exagitat:
507 943 648 1013 multoque
660 959 757 996 cruore

85 1033 228 1087 Exsatiata
238 1032 318 1087 simul
330 1041 467 1103 portantes
479 1031 561 1084 corda
573 1031 623 1084 sub
636 1033 747 1086 umbras

86 1118 253 1176 occubuere.
274 1121 334 1191 pari
346 1121 406 1173 nisu
419 1136 468 1190 per
479 1129 587 1190 pectora
596 1119 707 1174 adactus

86 1208 186 1262 intima
195 1206 332 1260 descendit
344 1224 452 1264 mucro:
471 1209 641 1280 superaddita
654 1209 731 1263 saevis

86 1294 187 1349 Ultima
198 1294 356 1350 vulneribus
367 1298 466 1362 verba3
487 1306 523 1362 et,
536 1297 657 1351 convicia
668 1297 792 1367 volvens,

87 1382 170 1437 Dirus
183 1382 211 1436 in
224 1382 321 1436 invitas
329 1383 423 1454 effugit
434 1384 541 1455 spiritus
552 1402 640 1439 auras.

86 1471 142 1526 Nec
154 1486 246 1524 manes
258 1486 351 1542 pacem
364 1473 442 1541 passi.
463 1490 524 1526 nam
536 1490 651 1544 corpora
659 1474 771 1540 junctus

85 1558 144 1613 Una
158 1574 222 1611 cum
234 1568 339 1628 raperet
352 1558 460 1614 flamma
473 1577 564 1631 rogus,
578 1561 675 1630 impius
686 1560 757 1631 ignis

88 1644 221 1710 Dissiluit,
234 1644 387 1713 cineresque
399 1645 476 1700 simui
485 1645 599 1712 jacuisse
608 1645 752 1720 negarunt.

87 1733 184 1788 Cetera
196 1732 322 1787 distincto
333 1733 432 1788 donata
442 1746 482 1788 est
494 1753 605 1789 munere
616 1738 706 1803 turba,

84 1822 121 1876 Ut
132 1822 219 1876 virtus
230 1832 258 1875 et
270 1822 366 1875 dextra
378 1821 440 1876 fuit.
460 1823 562 1876 duxere
570 1823 712 1890 juvencos,

84 1909 224 1981 Impressis
235 1909 335 1963 dociles
346 1920 447 1963 terram
459 1911 628 1982 proscindere
639 1914 750 1969 aratris:

85 1998 196 2051 Duxere
207 2007 327 2051 assuetos
339 1997 424 2052 lustra
435 2001 570 2071 exagitare
582 2001 701 2056 ferarum

83 2086 190 2139 Venatu
199 2087 323 2152 juvenes,
336 2103 402 2155 quos
410 2087 456 2140 dat
467 2089 610 2144 Maurusia
621 2091 723 2160 praeda.

84 2175 194 2227 Necnon
207 2175 321 2246 argenti,
335 2190 437 2228 necnon
449 2175 562 2248 insignia
573 2178 655 2231 vestis

84 2267 208 2339 Captivae
219 2268 314 2338 pretiass
328 2277 355 2320 et
367 2267 483 2338 sonipes,
497 2279 524 2322 et
536 2269 615 2323 crista
627 2269 722 2324 nitenti

83 2357 229 2426 insurgens
240 2373 320 2421 cono,
334 2356 419 2428 spolia
430 2358 591 2428 exuviaeque
603 2359 732 2427 Libyssae.

83 2445 158 2499 Tum
168 2446 260 2512 jaculo
273 2444 372 2514 petiere
384 2446 476 2511 decus,
491 2445 640 2516 spectacula
653 2445 726 2500 Circi

83 2532 233 2598 Postrema,
248 2543 275 2585 et
288 2543 367 2587 metae
377 2532 518 2587 certirunt
529 2533 637 2588 vincere
648 2534 730 2588 finem

83 2622 189 2676 Burrus
200 2621 257 2675 avis
269 2621 383 2693 poliens,
397 2639 479 2694 quem
491 2622 562 2675 misit
573 2623 631 2694 ripa
643 2621 755 2689 metalli,

84 2711 147 2785 Qa
157 2710 252 2782 Tagus
263 2709 387 2762 auriferis
398 2709 479 2781 pallet
491 2712 615 2763 turbatus
626 2709 722 2777 arenis,

81 2796 119 2852 Et
132 2796 247 2869 Glagus,
261 2796 371 2870 insignis
381 2808 476 2851 ventos
486 2798 586 2851 anteire
596 2797 706 2864 laoerto,

82 2885 129 2951 Et,
141 2887 219 2953 cujus
230 2904 369 2957 nunquam
382 2886 481 2958 fugisse
493 2887 597 2940 hastilia
608 2887 681 2941 cervi

84 2971 236 3045 Praerapida
247 2984 360 3049 potuere
373 2976 448 3048 fuga,
460 2987 574 3033 venator
584 2979 737 3048 Aconteru,
