2010 3450
162 308 201 362 ‘9¹
387 300 478 344 um
498 294 568 342 tm.
606 305 635 342 v.
649 301 796 358 ιτς-354.

167 410 356 480 Languescunt
367 408 471 472 animis,
484 417 512 463 et
523 407 564 461 vis
575 407 679 462 mollita
690 406 811 462 senescit.
895 409 898 416 '

167 495 223 549 Pan
234 498 303 564 Jove
314 494 409 548 missus
420 505 487 558 erat,
500 494 602 548 servari
613 504 683 548 tecta
692 493 801 548 volente

164 583 261 646 Troia,
273 581 399 654 pendenti
411 581 505 637 similis
517 582 573 635 Pan
585 598 699 652 semper,
711 591 740 634 et
751 581 806 634 imo

165 671 221 724 Vix
234 671 288 725 ulla
299 671 445 724 inscribens
455 680 533 724 terrae
545 669 657 742 vestigia
664 687 762 724 cornu.

166 759 285 813 Dextera
296 759 400 812 lascivit
410 775 479 812 caesa
490 759 637 830 Tegeatide
648 776 729 830 capra

165 847 286 899 Verbera
296 845 359 900 laeta
369 862 480 904 movens
493 845 559 900 t'esta
569 863 617 916 per
628 847 745 917 compita
754 847 852 900 cauda.

165 933 256 1005 Cingit
268 943 346 988 acuta
356 951 455 999 comas,
467 945 494 987 et
506 946 600 1005 opacat
611 945 742 1006 tempore,
756 935 847 1006 pinus,

164 1025 209 1082 Ac
220 1040 304 1093 parva
315 1034 461 1093 erumpunt
472 1024 624 1077 rubicunda
634 1041 735 1078 cornua
746 1023 850 1078 fronte:
904 1037 910 1043 ·

166 1111 241 1164 Stant
251 1127 337 1175 aures,
353 1127 509 1182 summoque
517 1111 589 1165 cadit
600 1113 684 1166 barba
692 1111 796 1182 hispida
807 1123 910 1168 mento.

164 1197 299 1252 Pastorale
313 1201 372 1252 Deo
384 1199 521 1264 baculum,
535 1199 665 1271 pellisque
675 1199 814 1254 sinistrum

165 1287 245 1340 Velat
257 1296 333 1357 rapta
345 1287 414 1340 latus
426 1297 526 1341 tenerae
536 1286 571 1340 de
583 1305 695 1359 corpore
705 1289 802 1342 damae.

163 1376 247 1429 Nulla
257 1375 285 1428 in
298 1385 466 1446 praeruptum
477 1384 533 1429 tam
543 1393 630 1447 prona
639 1386 666 1430 et
675 1376 810 1448 inhospita
820 1387 921 1444 cautes,

163 1465 197 1516 ln
210 1481 261 1532 qua
273 1482 336 1530 non,
350 1464 451 1518 librans
461 1480 569 1535 corpus,
581 1464 728 1534 similisque
739 1465 845 1543 volanti

164 1552 343 1623 Cornipedem
355 1552 447 1606 tulerit
457 1553 568 1624 praecisa
578 1570 627 1623 per
636 1553 696 1607 avia
708 1553 840 1624 plantam.

162 1641 304 1695 Interdum
316 1642 441 1704 inflexus,
454 1641 542 1694 medio
551 1640 687 1695 nascentia
699 1651 776 1712 tergo

162 1727 282 1796 Respicit
293 1727 412 1780 arridens
424 1726 501 1780 hirtae
513 1725 631 1781 ludibria
642 1727 744 1781 caudae.

162 1815 370 1883 Obtendensque
382 1832 492 1869 manum
505 1814 588 1868 solem
599 1815 777 1869 infervescere
789 1814 871 1869 fronti
886 1862 889 1868 t

162 1904 257 1967 Arcet,
269 1912 297 1955 et
308 1902 431 1955 umbrato
443 1901 588 1972 perlustrat
599 1920 697 1973 pascua
708 1903 779 1957 visu.

162 1985 222 2053 ilic,
237 1998 377 2059 postquam
389 1989 513 2042 mandata
528 1990 577 2042 Dei
589 1990 716 2060 perfecta,
729 1989 880 2058 malamque
905 2032 908 2040 .

162 2063 270 2129 Sedavit
282 2077 392 2139 rabiem,
406 2086 432 2128 et
445 2076 585 2145 permulsit
596 2078 678 2131 corda
689 2077 840 2145 furentum,

163 2164 288 2218 Arcadiae
299 2162 417 2218 volucris
429 2164 511 2218 saltus
523 2175 549 2217 et
561 2176 649 2219 artata
660 2166 751 2220 revisit

99 2277 102 2281 ’
160 2251 294 2318 Maenala3
312 2253 360 2306 ubi
369 2253 471 2324 argutis
483 2253 561 2325 longe
573 2255 607 2307 de
618 2255 719 2309 vertice
732 2272 807 2309 sacro

104 2409 107 2412 ‚
162 2339 249 2393 Dulce
262 2350 337 2393 sonat
348 2339 464 2405 calamis,
478 2340 552 2394 ducit
563 2341 668 2395 stabula
679 2343 769 2395 omnia
780 2351 875 2396 cantu.¹

160 2430 201 2481 At
214 2426 282 2499 legio
295 2429 475 2493 Ausonidum,
490 2428 611 2482 flammas
620 2430 730 2483 ductore
739 2430 853 2496 jubente

160 2517 258 2570 Arceri
270 2516 363 2585 portis,
374 2526 522 2585 stantesque
535 2515 686 2588 relinquere
699 2534 802 2581 muros,

161 2605 246 2674 (Mite
258 2605 338 2659 decus
350 2605 458 2672 mentis)
470 2606 590 2661 condunt
601 2621 728 2674 ensesque
741 2605 873 2675 facesque.

160 2692 252 2745 Multa
265 2692 355 2747 Derim
367 2693 473 2764 templis
485 2693 661 2762 domibusque
674 2691 822 2746 nitentibus
833 2708 901 2747 auro

159 2770 288 2850 Eg'eritur
298 2781 398 2852 praeda,
417 2792 444 2835 et
456 2782 543 2836 victus
552 2782 678 2836 alimenta
689 2781 808 2852 superbi,

160 2867 283 2944 Qisque
295 2869 372 2922 bonis
383 2870 495 2941 periere,
508 2870 599 2924 viriim
611 2871 643 2924 de
654 2887 768 2941 corpore
779 2879 867 2924 vestes

160 2955 301 3023 Femineae,
318 2973 467 3026 mensaeque
478 2958 531 3013 alia
541 2959 638 3012 tellure
651 2957 751 3030 petitae,
