2010 3450
99 251 147 314 ηε
300 256 391 298 erasa
410 251 478 298 xv't.
513 258 544 296 v.
558 244 706 313 πός-ης.

99 365 172 418 Cum
184 363 273 417 subito
284 361 406 433 abruptis
418 359 524 435 fugiens
534 361 628 415 altaria
637 371 733 416 taum

99 452 216 505 Exsiluit
228 450 333 515 vinclis,
346 450 507 521 mugituque
518 449 606 504 excita
617 450 671 504 late

99 541 227 610 Implevit
238 549 317 604 tecta,
331 549 368 603 et,
382 538 492 591 fremitu
504 538 616 609 suspiria
628 555 710 591 rauco

100 628 307 700 congeminans,
321 626 425 696 trepida
434 637 565 679 terrorem
573 625 667 696 sparsit
679 625 707 678 in
718 626 791 679 aula.

98 717 235 785 vittaque,
247 717 380 782 majorum
390 710 559 779 decoramen,
572 714 664 767 -fronte
675 715 731 770 sine
744 714 802 768 ullo

101 794 218 873 Delapsa
228 815 339 867 attactu,
353 803 465 856 nudavit
477 813 600 873 tempora
610 802 692 872 regis.

101 891 180 946 Talia
192 892 329 945 Coelicolae
340 908 437 945 casuro
448 889 535 942 tristia
546 905 629 960 regno

101 980 181 1050 Signa
192 981 301 1045 dabant,
315 979 432 1050 saevique
445 979 555 1031 aderant
566 977 659 1048 gravia
671 976 762 1053 omina
772 976 835 1033 fati..

101 1066 152 1120 liic
164 1066 279 1119 fractum
289 1067 362 1120 bello
373 1082 464 1136 regem
477 1064 595 1134 solioque
607 1063 757 1129 revulsum,

100 1155 224 1225 Tempus
235 1155 296 1219 erit,
308 1172 371 1209 cum
382 1154 463 1207 ducet
474 1171 556 1225 agens
564 1154 599 1208 ad
609 1155 711 1224 templa
719 1154 857 1222 Tonantis,

102 1243 159 1316 Qi
171 1253 236 1297 tunc
246 1244 341 1297 orabat
353 1243 459 1297 socialia
471 1243 574 1298 foedera
588 1242 712 1313 supplex.

102 1331 152 1384 His
163 1331 227 1384 actis
239 1330 336 1402 repetit
347 1342 465 1402 portum,
480 1344 637 1403 puppesque
648 1331 767 1384 secundo

103 1419 158 1472 Dat
169 1429 260 1484 vento,
273 1431 300 1472 et
311 1420 381 1473 notis
394 1419 482 1473 reddit
491 1436 518 1472 se
531 1418 619 1490 Scipio
629 1420 719 1472 terris.

102 1507 272 1560 Concurrere
284 1507 371 1561 avidae
382 1518 483 1578 gentes,
497 1507 638 1575 variosque
650 1507 761 1561 subacta

103 1595 206 1664 Pyrene
218 1595 289 1647 misit
301 1595 424 1666 populos.
444 1610 520 1648 mens
532 1596 657 1648 omnibus
669 1613 733 1648 una.

103 1683 258 1736 Concordes
270 1701 360 1754 regem
371 1684 518 1754 appellant,
531 1700 675 1755 regemque
689 1684 815 1738 salutant.

103 1771 207 1824 Scilicet
218 1771 290 1825 hunc
303 1787 439 1825 summum
451 1772 553 1825 ndrunt
564 1773 674 1826 virtutis
686 1773 826 1826 honorem.

104 1860 165 1923 Sed,
179 1871 319 1931 postquam
329 1861 389 1913 miti
401 1861 492 1927 rejecit
504 1877 616 1913 munera
627 1861 718 1926 vultu,

104 1947 227 2000 Ausonio
236 1967 289 2002 non
302 1949 383 2020 digna
393 1949 463 2014 viro,
478 1949 632 2020 patriosque
644 1949 764 2003 vicissim

104 2034 220 2087 Edocuit
232 2036 308 2100 ritus,
318 2047 345 2088 et
358 2038 476 2090 Romam
488 2038 596 2090 nomina
608 2054 704 2108 regum

104 2125 271 2176 Monstravit
283 2124 383 2178 nescire
394 2126 458 2195 pati,
471 2135 531 2179 tum
539 2142 634 2178 versus
644 2125 673 2178 in
687 2142 780 2192 unam,

106 2216 177 2285 Qae
188 2222 279 2277 restat,
290 2228 393 2277 curam,
406 2214 483 2266 nullo
494 2230 574 2285 super
586 2214 662 2267 hoste
675 2215 780 2281 relicto,

78 2302 81 2306 ’
103 2299 142 2351 Et
155 2300 244 2353 Latios
255 2299 345 2364 simul,
353 2311 385 2352 et
397 2300 512 2370 vulgum
525 2303 658 2370 Baetisque
670 2302 796 2372 Tagique

106 2387 254 2452 Convocat,
262 2404 298 2442 ac
311 2388 397 2440 medio
408 2387 436 2441 in
449 2399 522 2442 coetu
534 2388 678 2443 sic'deinde
690 2388 828 2460 profatur:

107 2477 224 2551 Qando
235 2477 272 2529 ita
283 2476 447 2530 Coelicolssm
459 2478 536 2530 nobis
549 2495 681 2548 propensa
692 2479 818 2534 voluntas

107 2564 225 2629 Annuit,
237 2575 358 2617 extremo
368 2563 452 2634 'Libys
463 2576 494 2618 ut
505 2565 625 2631 dejectus
637 2566 671 2619 ab
681 2568 749 2621 orbe

107 2654 166 2706 Aut
177 2651 218 2704 his
229 2650 360 2705 occideret
370 2653 481 2722 campis,
494 2663 550 2718 aut,
559 2670 614 2706 axe
626 2654 721 2716 relicto

107 2739 246 2808 Hesperio,
259 2739 446 2809 patrias'exsul
460 2741 586 2794 lustraret
598 2751 705 2797 arenas:

106 2828 166 2894 Jam
179 2816 266 2878 vestra
278 2828 397 2880 tumulos
404 2837 481 2882 terra
493 2829 628 2884 celebrare
640 2839 764 2886 meorum

107 2913 156 2966 Est
167 2913 280 2980 animus,
290 2917 435 2986 pacemque
444 2918 508 2972 dare
520 2920 727 2990 exposcentibus
740 2919 848 2976 umbrie.
