2010 3450
148 282 181 332 3²
356 273 447 316 stoan
466 274 510 314 xr.
546 276 575 312 v.
586 267 720 326 85-114··

142 382 193 435 En
203 399 252 452 ego
265 380 405 453 progenies
415 380 483 445 ejus,
495 378 540 446 qui
551 378 613 437 sede
625 376 757 433 Tonantis

148 469 262 541 Expulit
274 480 404 533 orantem,
417 477 444 520 et
457 467 528 520 nuda'
540 464 673 536 Capitolia
685 464 789 518 Consul

151 560 280 615 Defendit
293 560 397 612 dextra.
417 558 556 629 Rapidum
566 557 638 621 hinc,
652 555 806 626 palmasque
817 555 941 612 virorum

149 651 331 711 Intentantem
341 645 435 712 oculis,
449 645 623 716 proavitaque
636 643 706 697 facta
717 652 858 714 parantem

148 737 187 789 Ut
198 736 265 789 vidit
277 735 376 801 majore
388 734 455 787 adeo
464 734 619 788 crudescere
630 741 718 797 motu,

148 822 256 893 Excipit
268 822 309 875 his
322 822 445 875 frendens
459 820 569 874 Fabius:
589 820 643 873 Pro
655 830 751 874 cuncta
762 820 893 889 pudendi!

148 911 238 974 Sedes,
250 926 320 975 ecce,
333 919 420 974 vacat,
433 909 498 962 belli
510 908 621 961 viduata
632 907 766 978 procella:

149 1003 249 1072 Qem,
263 1014 362 1064 quaeso,
375 1013 390 1048 e
401 995 479 1049 vobis
490 995 553 1050 huic
565 995 720 1066 imposuisse
731 996 847 1066 paratis?

147 1088 232 1154 Inque
242 1086 332 1138 locum
343 1084 430 1137 Paulli
443 1100 587 1153 quemnam
599 1083 683 1136 datis?
701 1100 734 1136 an
747 1092 803 1148 tua,
816 1082 902 1150 Virri,

146 1174 237 1226 Prima
248 1183 327 1243 atque
338 1183 399 1226 ante
410 1172 474 1225 alias
483 1189 550 1236 sors,
563 1172 726 1226 concedente
738 1173 849 1237 Senatu,
880 1211 884 1218 .

146 1263 191 1316 Te
202 1261 275 1325 citat,
288 1278 319 1314 ac
331 1259 429 1313 nostris
438 1257 526 1329 aequat
536 1261 592 1326 jam
605 1276 726 1330 purpura
740 1259 847 1314 Brutist

147 1354 172 1416 I,
186 1352 303 1415 demens,
317 1351 336 1416 i,
350 1368 402 1419 quo
413 1351 516 1403 tendis:
537 1350 586 1403 tibi
599 1350 701 1421 perfida
712 1351 796 1404 fasces

147 1441 202 1493 Det
215 1439 354 1510 Karthago
367 1455 438 1491 suos.
458 1437 554 1490 Medio
567 1438 674 1492 fervore
686 1438 831 1509 loquentia,

146 1528 292 1598 Impatiens
301 1527 373 1580 ultra
384 1527 484 1597 gemitu
497 1526 622 1580 cohibere
634 1524 766 1592 furorem,

146 1616 286 1670 Fulminea
297 1626 406 1668 torvum
417 1614 549 1668 exclamat
561 1615 711 1670 Marcellus
722 1616 756 1669 ab
769 1615 808 1668 ira
819 1635 826 1669 :

147 1709 219 1778 Qae
229 1704 348 1777 tandem,
358 1712 385 1755 et
398 1720 479 1772 quam
491 1703 562 1756 lenta
571 1713 643 1756 tenet
655 1703 782 1772 patientia
792 1713 920 1771 mentem,

146 1793 171 1844 O
184 1792 293 1846 confuse
306 1790 384 1843 nimis
397 1790 512 1844 Gradivi
524 1790 631 1843 turbine
644 1791 743 1854 Varro,

145 1882 184 1934 Ut
195 1881 314 1951 perferre
326 1897 406 1950 queas
418 1865 564 1935 furibunda
575 1881 706 1935 insomnia
718 1882 839 1936 Consul?

144 1970 241 2022 Nonne
253 1969 410 2021 exturbatos
419 1969 580 2034 jamdudum
592 1968 684 2022 limine
696 1969 791 2041 templi

145 2056 297 2126 Praecipites
307 2056 362 2128 agis
374 2058 407 2110 ad
420 2065 524 2127 portast
544 2068 571 2110 et
583 2058 683 2111 discere
692 2059 771 2128 cogis·

144 2143 297 2208 Semiviros,
311 2146 384 2214 quod
397 2145 429 2198 sit
442 2155 535 2198 nostro
544 2146 577 2198 de
590 2164 664 2201 more
676 2147 758 2201 creati

145 2230 269 2284 Consulis
280 2231 438 2303 imperium?
458 2235 520 2286 Non
533 2250 653 2304 unquam
666 2233 755 2288 sobria
766 2236 852 2306 pubes

143 2318 180 2370 Et
191 2318 311 2387 peritura
321 2319 409 2384 brevi,
424 2337 529 2387 moneo,
543 2323 617 2376 ocius
629 2322 705 2376 Urbe
717 2321 827 2377 facesse.

145 2408 244 2461 Muros
254 2417 315 2460 ante
327 2418 388 2460 tuos
402 2411 445 2477 (ut
457 2426 506 2479 par
517 2411 570 2476 est)
584 2410 673 2463 debita
685 2410 782 2464 ductor

143 2496 275 2549 Armatus
285 2513 411 2567 responsa
421 2498 504 2552 dabit.
525 2499 696 2568 Consurgere
708 2499 798 2553 cuncti

143 2582 213 2635 Hinc
225 2583 334 2654 pariter,
346 2601 496 2655 magnoque
508 2585 580 2638 viros
592 2585 709 2639 clamore
720 2584 889 2654 premebant.

143 2671 254 2724 Necnon
267 2681 293 2723 et
309 2671 413 2726 foribus
425 2691 539 2744 propere
551 2674 688 2745 Campana
696 2675 826 2740 juventus

143 2757 250 2811 Extulit
261 2757 319 2829 ipsa,
329 2761 452 2830 gradum,
465 2771 599 2832 tantaeque
611 2762 704 2817 dolore
716 2762 833 2834 repulsae

143 2847 272 2900 Concitus
284 2847 463 2903 Hannibalem
474 2850 602 2903 volvebat
613 2849 720 2903 Virrius
733 2866 789 2902 ore.

143 2933 356 3004 Fulvius„(huic
368 2953 429 3010 nam
441 2937 606 3010 spondebant
614 2936 743 3010 praesagia
753 2934 852 2989 mentis
899 2936 903 2940 ’
931 2932 946 2962 ·“
